2692 3484
209 147 479 185 Pränumeration.

151 210 483 244 Jährlich.............
495 211 511 235 8
525 210 567 240 Fr.

151 244 484 279 Halbjährlich..........
497 245 513 270 4
526 245 569 276 Fr.

2060 140 2432 182 Insertions-Gebühren.

2048 208 2100 235 Die
2111 208 2176 237 Zeile
2193 211 2206 234 6
2222 207 2450 241 Zürcher-Kreuzer.

2048 242 2138 274 Briefe
2155 245 2203 270 und
2224 244 2317 272 Gelder
2328 243 2450 274 franco.

341 301 826 478 Neue
942 302 2259 509 Zürcher-Zeitung

204 590 426 639 Mittwoch

1208 590 1338 640 Nro.
1367 591 1445 640 60

1989 591 2063 629 den
2086 591 2150 631 28.
2174 590 2285 638 Juli
2303 592 2433 632 1830.

811 725 922 762 (Druck
940 724 995 755 und
1015 724 1121 761 Verlag
1139 727 1192 753 von
1213 722 1330 758 Orell,
1353 722 1458 758 Füßli
1479 722 1532 752 und
1553 722 1798 760 Compagnie.)

212 828 406 856 Schweizerische
420 829 656 855 Eidgenossenschaft
678 829 780 855 (neunte
801 829 905 858 Sitzung
930 828 971 851 der
989 825 1140 853 Tagsatzung.
1172 823 1379 851 Verhandlungen
1403 823 1444 846 des
1462 822 1554 851 großen
1570 824 1649 847 Raths
1666 823 1707 845 des
1720 823 1831 846 Kantons
1848 822 2174 850 Appenzell-Außerrhoden.
2203 823 2397 852 Ersparnißkasse
2414 824 2455 848 des

240 858 373 883 bernischen
391 859 474 882 Amtes
489 860 614 886 Wangen.
645 858 818 886 Thurgauische
835 858 1004 884 Verordnung
1026 858 1104 882 gegen
1126 852 1292 880 Verbreitung
1318 852 1359 875 der
1381 850 1472 881 Krätze.
1509 853 1640 877 Rechtsfall
1664 852 1697 875 im
1723 851 1822 875 Kanton
1847 849 1952 879 Zürich).
1981 863 2004 869 -
2034 852 2200 878 Deutschland.
2226 865 2248 873 -
2280 853 2407 881 Spanien.
2435 864 2457 871 -

241 886 469 911 Großbritannien.
494 899 519 905 —
547 888 699 913 Frankreich.

383 996 670 1033 Schweizerische
698 993 1060 1034 Eidgenossenschaft.

212 1054 256 1090 In
277 1055 320 1086 der
340 1058 487 1086 neunten
520 1055 636 1093 Sitzung
663 1054 705 1085 der
724 1055 939 1093 Tagsatzung
966 1060 1010 1083 am
1037 1052 1084 1081 16.
1105 1050 1187 1086 Juli,
1215 1049 1287 1080 ward

157 1097 201 1128 der
220 1100 392 1138 Gegenstand
411 1106 461 1129 von
476 1099 654 1137 Gefährdung
673 1099 879 1135 schweizerischer
891 1095 1215 1131 Territorialverhältnisse
1234 1095 1288 1124 und

157 1144 332 1178 militärischer
353 1144 539 1181 Grenzpunkte
557 1144 681 1179 berührt,
701 1143 755 1173 und
774 1150 825 1173 von
845 1142 892 1172 den
914 1142 1065 1174 Gesandten
1086 1138 1231 1171 Bündtens
1250 1140 1288 1173 so¬

157 1190 224 1224 wohl
252 1190 296 1218 als
314 1190 483 1227 Thurgaus,
514 1189 552 1218 die
573 1189 694 1227 Eingabe
724 1195 774 1218 von
801 1189 862 1221 noch
883 1187 952 1218 nicht
970 1184 1128 1216 vollendeten
1149 1184 1288 1216 Berichten

158 1232 269 1263 darüber
294 1234 437 1269 verheißen.
478 1234 643 1271 Hinsichtlich
675 1233 716 1262 der
737 1233 871 1270 Vorsorge
895 1239 978 1269 gegen
1005 1229 1193 1261 unordentliche
1220 1229 1288 1262 Ehe¬

157 1278 346 1317 einsegnungen
367 1278 571 1315 schweizerischer
585 1276 765 1315 Angehöriger
785 1277 813 1306 in
825 1276 990 1311 Frankreich,
1011 1273 1141 1306 berichtete
1162 1272 1204 1302 der
1216 1273 1288 1303 Vor¬

158 1322 228 1356 stand
249 1322 298 1353 das
318 1323 442 1356 Resultat
469 1323 538 1352 einer
563 1322 611 1351 mit
637 1323 693 1351 dem
719 1319 901 1358 französischen
923 1318 1087 1354 Botschafter
1116 1317 1221 1353 deshalb
1245 1325 1288 1356 ge¬

157 1368 291 1405 pflogenen
319 1367 513 1404 Unterredung.
564 1366 656 1399 Dieser
686 1368 755 1400 hatte
786 1365 894 1398 nämlich
925 1364 1113 1402 geantwortet:
1164 1363 1212 1393 So
1240 1362 1289 1392 wie

160 1411 311 1446 Frankreich
332 1413 378 1445 sich
401 1411 536 1449 begnüge,
562 1411 626 1444 seine
648 1409 854 1448 Angehörigen,
877 1410 966 1438 welche
988 1409 1033 1442 sich
1056 1408 1083 1436 in
1103 1406 1144 1436 der
1165 1406 1290 1442 Schweiz

159 1456 336 1491 verheirathen
355 1456 459 1491 wollen,
480 1462 514 1484 an
535 1455 574 1485 die
595 1455 622 1485 in
641 1455 730 1488 diesem
751 1453 822 1485 Land
840 1452 974 1492 geltenden
996 1453 1094 1485 Gesetze
1122 1451 1176 1481 und
1196 1451 1289 1486 Förm¬

158 1500 290 1530 lichkeiten
310 1509 341 1536 zu
360 1500 468 1536 weisen,
494 1500 520 1533 so
546 1499 626 1529 könne
644 1501 705 1533 auch
727 1498 865 1534 hinwieder
883 1504 933 1527 von
955 1497 1110 1532 Frankreich
1137 1497 1164 1526 in
1186 1496 1290 1531 Betreff

161 1543 205 1574 der
223 1546 396 1583 Schweizer,
415 1545 504 1577 welche
526 1545 571 1578 sich
592 1544 651 1574 dort
671 1544 844 1580 verheirathen
866 1543 979 1577 wollen,
1001 1542 1086 1575 nichts
1106 1543 1230 1576 mehreres
1245 1548 1290 1578 ge¬

160 1589 255 1626 fordert
275 1590 390 1624 werden,
411 1591 496 1626 zumal
512 1589 662 1624 Frankreich
685 1588 710 1618 in
731 1589 808 1621 seiner
826 1587 924 1625 großen
941 1586 1125 1623 Ausdehnung
1146 1585 1199 1614 und
1214 1585 1291 1618 seiner

159 1634 290 1664 Kolonien
305 1641 413 1672 wegen,
432 1633 581 1671 unmöglich
596 1632 727 1667 besondere
742 1631 919 1667 Vorschriften
934 1630 986 1660 und
1000 1632 1171 1665 Ausnahmen
1184 1636 1234 1659 von
1248 1629 1291 1658 der

154 1678 324 1714 allgemeinen
336 1678 419 1715 Regel
426 1677 559 1710 aufstellen
567 1677 659 1707 könne.
675 1678 734 1709 Der
742 1676 866 1712 Schweiz
874 1675 954 1705 bleibe
960 1672 1086 1713 übrigens
1094 1674 1290 1709 unbenommen,

155 1720 279 1755 dießfalls
296 1721 324 1750 in
345 1721 425 1755 ihrem
445 1721 555 1755 Innern
579 1722 629 1750 alle
649 1721 871 1758 zweckdienlichen
889 1720 1109 1756 Bestimmungen
1136 1726 1170 1755 zu
1189 1718 1291 1753 treffen.

155 1765 201 1800 In
222 1766 303 1803 Folge
322 1765 401 1799 dieser
420 1763 570 1801 Erklärung
589 1764 686 1801 glaube
704 1765 749 1794 der
762 1766 869 1796 Vorort
882 1766 970 1801 Bern,
992 1763 1040 1797 daß
1062 1763 1157 1797 fernere
1172 1763 1293 1797 Schritte

156 1810 199 1838 als
221 1810 368 1848 überflüssig
391 1811 495 1840 erachtet
517 1808 617 1837 werden
635 1808 774 1846 müßten.
796 1810 888 1845 Zürich
907 1809 962 1839 und
983 1809 1024 1839 die
1042 1810 1170 1844 mehreren
1186 1807 1292 1839 Stände

156 1855 309 1892 verlangten
329 1853 478 1889 inzwischen
498 1853 662 1891 Fortsetzung
682 1852 762 1886 dieser
782 1853 918 1889 Schritte,
938 1853 993 1884 und
1010 1852 1066 1885 dass
1081 1852 1234 1884 mindestens
1242 1851 1294 1887 die

164 1899 374 1935 schweizerischen
390 1896 585 1934 Angehörigen,
606 1898 695 1927 welche
716 1897 762 1930 sich
782 1897 811 1927 in
823 1897 972 1932 Frankreich
992 1896 1167 1932 verheirathen
1185 1896 1291 1930 wollen,

163 1943 311 1981 angehalten
342 1941 441 1972 werden
469 1940 580 1974 möchten
591 1961 600 1976 ,
631 1940 803 1979 regelmäßige
824 1939 1119 1979 Verkündungsscheine
1146 1942 1195 1968 aus
1225 1939 1291 1973 ihrer

163 1988 296 2023 Heimath,
315 1987 375 2017 oder
396 1986 433 2015 die
449 1987 508 2017 nach
524 1985 701 2022 französischen
716 1987 834 2020 Gesetzen
854 1985 1045 2017 erforderlichen
1063 1984 1289 2021 Einwilligungs¬

161 2032 355 2071 bescheinungen
376 2031 419 2061 der
439 2031 555 2064 Eltern,
586 2030 664 2063 durch
694 2030 735 2060 die
763 2030 933 2064 betreffenden
953 2029 1140 2067 Regierungen
1169 2028 1292 2064 legalisirt

162 2078 345 2113 vorzuweisen.
386 2076 443 2107 Der
464 2075 596 2106 Gesandte
615 2081 666 2103 von
683 2075 836 2109 Solothurn
858 2073 943 2108 führte
962 2080 994 2109 zu
1009 2070 1196 2110 Begründung
1218 2072 1293 2105 dieser

163 2122 315 2160 Forderung
344 2122 392 2151 das
413 2120 537 2155 Beyspiel
564 2120 634 2148 eines
658 2119 734 2151 seiner
755 2116 940 2155 Angehörigen
969 2125 1024 2153 an,
1054 2116 1096 2146 der
1116 2116 1247 2153 jüngsthin
1268 2116 1294 2145 in

163 2166 339 2201 Mühlhausen
360 2166 411 2196 mit
429 2166 496 2194 einer
518 2167 633 2200 zweyten
656 2164 728 2198 Frau
759 2162 870 2198 kopulirt
890 2162 982 2197 ward,
1011 2160 1132 2196 während
1152 2161 1215 2196 seine
1234 2160 1295 2193 erste

163 2212 208 2246 sich
238 2213 284 2246 bey
304 2213 389 2249 Hause
421 2212 482 2241 noch
511 2217 552 2238 am
580 2210 663 2240 Leben
693 2207 815 2243 befindet.
855 2208 914 2238 Der
942 2207 1059 2244 Auftrag
1089 2214 1119 2243 zu
1149 2208 1294 2235 erneuerten

165 2256 365 2294 Vorstellungen
399 2255 445 2290 bey
468 2255 638 2289 Frankreich,
667 2253 738 2282 ward
758 2253 807 2281 mit
827 2251 1087 2287 Stimmenmehrheit
1115 2250 1170 2280 dem
1192 2251 1296 2280 Vorort

164 2302 282 2334 ertheilt.
313 2302 367 2332 Die
383 2299 613 2335 Geschäftsträger
631 2298 659 2328 in
675 2298 758 2333 Paris
778 2296 830 2326 und
845 2297 937 2330 Wien,
959 2295 997 2325 die
1011 2298 1109 2334 Herren
1129 2302 1180 2325 von
1194 2296 1296 2329 Tschan

162 2344 215 2373 und
234 2353 286 2375 von
307 2345 441 2379 Essinger,
464 2344 487 2376 so
508 2344 557 2372 wie
576 2344 620 2373 der
639 2342 845 2375 Generalkonsul
865 2342 892 2371 in
915 2339 1053 2375 Mailand,
1075 2341 1116 2377 Hr
1148 2346 1198 2369 von
1218 2341 1295 2371 Mar¬

165 2390 253 2424 cacci,
274 2388 380 2418 wurden
403 2387 442 2421 für
464 2388 503 2416 ein
525 2389 597 2422 Jahr
618 2395 650 2417 an
671 2388 741 2423 ihren
763 2387 871 2419 Stellen
897 2385 1029 2423 bestätigt.
1072 2385 1145 2414 Vom
1167 2386 1297 2421 Dappen¬

163 2435 217 2468 thal
237 2434 309 2463 ward
328 2432 467 2466 berichtet,
488 2431 537 2465 daß
557 2434 622 2461 alles
641 2433 677 2461 im
698 2433 777 2462 Alten
799 2433 860 2467 sey,
893 2431 946 2461 und
966 2430 1085 2461 demnach
1106 2430 1214 2459 wurden
1234 2431 1296 2463 auch

162 2479 200 2509 die
221 2478 323 2514 frühern
346 2476 478 2514 Aufträge
503 2484 538 2506 an
560 2477 606 2507 den
628 2478 732 2507 Vorort
758 2475 801 2510 für
821 2476 1004 2507 Reklamation
1032 2475 1076 2503 des
1096 2474 1191 2504 kleinen
1212 2475 1297 2506 Land¬

164 2525 251 2559 strichs
273 2525 401 2553 erneuert.
439 2521 497 2555 Auf
518 2521 563 2549 den
585 2520 731 2559 Vorschlag
753 2522 796 2551 der
817 2519 1169 2556 Militäraufsichtsbehörde,
1191 2520 1296 2549 wurden

163 2576 193 2605 zu
222 2570 302 2598 einem
322 2567 418 2599 Oberst
442 2567 479 2596 im
507 2564 714 2602 eidgenössischen
737 2566 938 2600 Artilleriestabe
964 2567 1017 2603 Hr.
1049 2565 1178 2596 Benedict
1198 2565 1297 2600 Fischer

164 2621 217 2644 von
238 2615 336 2650 Basel,
366 2612 420 2643 und
440 2619 472 2648 zu
491 2611 620 2642 Obersten
647 2611 684 2640 im
704 2610 910 2648 eidgenössischen
940 2610 1112 2644 Generalstab
1139 2610 1177 2639 die
1197 2612 1295 2648 Herren

166 2659 311 2694 Rathsherr
338 2660 420 2692 Sury
450 2662 501 2686 von
533 2656 621 2691 Bussy
649 2662 701 2686 von
722 2656 896 2690 Solothurn,
929 2655 982 2685 und
1003 2658 1095 2692 Georg
1123 2655 1215 2689 Escher
1244 2662 1296 2684 von

167 2704 351 2742 Schwandegg
369 2709 428 2732 von
450 2699 553 2738 Zürich,
575 2701 623 2730 alle
643 2700 703 2734 drey
724 2700 852 2737 bisherige
875 2700 1141 2735 Oberstlieuteuants,
1164 2704 1285 2730 ernannt.

220 2750 293 2780 Vom
324 2748 422 2786 großen
452 2748 542 2784 Rathe
577 2746 621 2775 des
649 2745 774 2777 Kantons
805 2746 1001 2781 Appenzell
1030 2745 1295 2781 Außerrhoden,

166 2794 236 2823 ward
266 2795 293 2824 in
314 2795 423 2832 Trogen
450 2793 510 2825 noch
538 2799 579 2822 am
609 2794 655 2821 20.
678 2791 755 2828 April
781 2791 879 2826 letzthin
907 2789 948 2819 die
973 2788 1230 2826 Münzverordnung
1254 2788 1296 2822 für

163 2838 309 2877 Werthung
338 2839 379 2869 der
408 2838 586 2874 französischen
607 2838 690 2867 ältern
710 2836 765 2867 und
787 2844 881 2866 neuern
902 2836 1020 2871 Thaler,
1040 2835 1110 2870 ihrer
1129 2832 1296 2868 Bruchstücke

163 2883 216 2913 und
235 2885 277 2914 der
297 2883 475 2918 Goldsorten,
505 2883 542 2912 im
563 2882 783 2916 Einverständniß
805 2882 851 2911 mit
872 2881 918 2911 den
941 2880 1068 2912 Ständen
1091 2881 1294 2915 Schaffhausen,

164 2928 216 2960 St.
238 2930 338 2960 Gallen
367 2928 422 2958 und
440 2928 598 2965 Thurgau,
629 2927 683 2958 und
711 2927 883 2965 gleichmäßig
912 2927 962 2956 wie
991 2933 1041 2956 von
1069 2925 1148 2959 diesen
1180 2926 1293 2960 erlassen.

163 2973 294 3009 Nachdem
324 2973 363 3004 die
391 2972 513 3007 nämliche
540 2971 664 3006 Behörde
693 2972 847 3008 hinsichtlich
876 2972 923 3007 auf
943 2970 1225 3008 Schullehrerbildung
1253 2978 1295 2999 am

161 3021 191 3049 5.
212 3019 286 3055 May
305 3017 451 3052 beschlossen
471 3018 557 3052 hatte:
598 3017 642 3048 Es
662 3018 707 3051 soll
727 3018 782 3048 kein
799 3018 891 3052 Lehrer
909 3017 939 3046 in
959 3016 1050 3053 irgend
1073 3016 1139 3045 einer
1153 3016 1296 3047 Gemeinde

162 3063 296 3100 angestellt
315 3061 435 3096 werden,
469 3060 510 3091 der
532 3061 600 3093 nicht
620 3069 671 3091 von
691 3062 734 3093 der
754 3062 960 3100 obrigkeitlichen
979 3060 1226 3095 Schulkommission
1254 3061 1294 3091 ein

163 3106 281 3145 Zeugniß
301 3108 362 3137 über
381 3107 444 3141 seine
467 3104 604 3142 Fähigkeit
624 3107 665 3136 als
687 3108 857 3143 Schullehrer
876 3107 1014 3140 vorweisen
1034 3105 1111 3135 kann.
1151 3107 1215 3137 Das
1236 3112 1292 3135 vor¬

162 3153 301 3189 gewiesene
320 3150 438 3189 Zeugniß
465 3151 509 3184 soll
535 3151 595 3180 aber
620 3151 689 3192 vom
689 3151 762 3192 Tag
789 3151 832 3181 der
858 3152 1056 3190 Ausfertigung
1083 3159 1116 3180 an
1142 3152 1213 3181 nicht
1230 3151 1295 3181 älter

161 3197 203 3225 als
223 3197 285 3231 drey
305 3198 391 3233 Jahre
411 3195 501 3232 seyn",
520 3210 553 3217 —
574 3195 600 3229 so
620 3195 690 3229 faßte
707 3196 741 3231 sie
760 3197 870 3233 gleichen
886 3198 976 3235 Tags,
998 3196 1148 3233 hinsichtlich
1167 3196 1213 3230 auf
1224 3197 1294 3232 Prä¬

161 3241 228 3271 mien
248 3240 291 3277 für
305 3239 620 3276 Schulamtskandidaten
638 3239 689 3270 den
708 3240 903 3277 nachstehenden
923 3242 1072 3278 Beschluß:
1111 3260 1132 3277 „
1140 3242 1198 3273 Der
1212 3247 1294 3277 zwey¬

161 3285 228 3323 fache
241 3287 371 3325 Landrath
387 3287 441 3324 hat,
458 3285 492 3317 in
505 3286 703 3325 Betrachtung,
723 3285 774 3323 daß
795 3287 847 3325 sich
861 3287 982 3323 meistens
1001 3286 1210 3326 unvermögliche
1219 3286 1295 3320 Leute

1325 962 1380 992 dem
1402 963 1563 998 Schulberuf
1582 963 1707 997 widmen;
1729 976 1766 983 —
1786 961 1834 996 daß
1856 965 1883 990 es
1902 962 2004 999 wenige
2024 962 2184 994 Gemeinden
2214 963 2299 1001 giebt,
2319 962 2357 992 die
2378 964 2454 998 ihnen

1326 1007 1391 1043 dazu
1412 1008 1450 1036 die
1472 1006 1576 1045 nöthige
1596 1006 1791 1043 Unterstützung
1811 1006 1929 1041 reichen,
1961 1006 2010 1038 daß
2041 1007 2073 1040 sie
2100 1007 2175 1043 daher
2202 1008 2320 1039 meistens
2339 1008 2385 1041 auf
2403 1008 2456 1043 ihre

1326 1052 1428 1088 eigenen
1448 1051 1543 1086 Kräfte
1569 1050 1711 1086 beschränkt
1743 1050 1799 1084 sind
1819 1049 1872 1079 und
1892 1050 1964 1084 somit
1984 1050 2152 1083 ökonomische
2171 1052 2256 1087 Opfer
2282 1060 2314 1090 zu
2344 1052 2455 1088 bringen

1326 1096 1427 1131 haben,
1446 1096 1488 1126 die
1506 1096 1538 1131 sie
1558 1096 1629 1126 dann
1648 1094 1782 1129 besonders
1804 1096 1865 1128 noch
1885 1095 1933 1131 bey
1950 1094 2021 1131 ihrer
2039 1095 2216 1133 Anstellung,
2247 1096 2322 1133 beym
2342 1097 2457 1127 Eintritt

1327 1141 1353 1170 in
1373 1142 1420 1170 den
1441 1141 1587 1177 gewählten
1608 1139 1697 1173 Beruf
1722 1138 1883 1175 empfinden;
1904 1153 1941 1161 —
1961 1147 2006 1168 um
2026 1139 2112 1176 fähige
2132 1141 2206 1171 Leute
2234 1149 2293 1178 zum
2315 1141 2457 1175 Schulfach

1327 1192 1359 1220 zu
1386 1188 1534 1214 ermuntern
1554 1199 1592 1206 —
1613 1184 1776 1218 beschlossen:
1818 1186 1847 1217 1)
1875 1183 2040 1220 Derjenige,
2070 1184 2113 1213 der
2141 1185 2186 1219 sich
2214 1184 2269 1215 dem
2297 1185 2457 1219 Schulstand

1327 1228 1437 1259 widmen
1458 1228 1511 1258 und
1530 1228 1577 1264 auf
1596 1228 1636 1258 die
1649 1227 1760 1264 Prämie
1774 1228 1908 1262 Anspruch
1922 1229 2024 1262 machen
2041 1228 2108 1263 will,
2127 1229 2170 1263 soll
2189 1235 2241 1258 von
2262 1230 2306 1259 der
2322 1229 2460 1267 obrigkeit¬

1327 1274 1406 1307 lichen
1430 1274 1672 1308 Schulkommission
1693 1271 1799 1309 geprüft
1818 1271 1932 1301 werden.
1973 1272 2039 1301 Von
2060 1272 2136 1307 dieser
2156 1273 2290 1311 Prüfung,
2308 1276 2352 1309 hat
2371 1282 2397 1303 er
2418 1274 2458 1304 ein

1327 1318 1444 1355 Zeugniß
1465 1318 1650 1354 vorzuweisen,
1671 1317 1755 1350 worin
1774 1316 1932 1351 ausführlich
1952 1317 2040 1353 gesagt
2059 1317 2118 1352 seyn
2139 1318 2195 1352 soll,
2216 1319 2248 1347 ob
2269 1326 2300 1348 er
2314 1318 2385 1356 fähig
2405 1319 2459 1354 sey,

1328 1362 1460 1399 dasjenige
1487 1370 1518 1399 zu
1546 1363 1652 1398 lehren,
1683 1364 1742 1390 was
1767 1367 1819 1390 von
1846 1360 1926 1389 einem
1955 1358 2087 1398 tüchtigen
2117 1363 2304 1395 Schulmeister
2332 1362 2464 1400 gefordert

1328 1406 1428 1436 werden
1455 1406 1532 1437 kann.
1573 1409 1604 1441 2)
1631 1406 1672 1435 der
1693 1406 1801 1441 Lehrer,
1833 1404 1877 1434 der
1896 1404 1937 1434 ein
1963 1405 2055 1439 solches
2075 1406 2191 1443 Zeugniß
2219 1407 2356 1439 vorweisen
2382 1408 2460 1443 kann,

1329 1451 1394 1481 wird
1415 1451 1455 1481 die
1474 1451 1623 1488 ausgesetzte
1642 1449 1754 1486 Prämie
1771 1456 1823 1479 von
1845 1452 1902 1478 100
1921 1450 1952 1485 fl.
1972 1456 2007 1479 an
2027 1450 2090 1480 baar
2118 1453 2250 1487 erhalten,
2283 1451 2367 1488 sobald
2387 1460 2414 1481 er
2433 1453 2460 1482 in

1328 1496 1419 1534 irgend
1438 1496 1506 1525 einer
1527 1495 1671 1527 Gemeinde
1691 1494 1780 1527 unsers
1795 1492 1896 1525 Landes
1915 1493 2051 1532 angestellt
2071 1495 2113 1530 ist,
2134 1495 2251 1526 worüber
2270 1504 2296 1525 er
2318 1497 2363 1530 sich
2383 1496 2460 1529 durch

1328 1541 1367 1570 ein
1386 1547 1438 1570 von
1459 1539 1502 1569 der
1520 1539 1637 1578 dortigen
1659 1538 1882 1574 Vorsteherschaft
1900 1538 2052 1577 gefertigtes
2072 1539 2191 1577 Zeugniß
2210 1541 2384 1578 auszuweisen
2405 1543 2460 1577 hat.

1330 1584 1363 1622 3)
1383 1585 1474 1619 Beym
1493 1584 1630 1623 Empfang
1660 1583 1704 1614 der
1724 1584 1870 1613 benannten
1891 1584 2007 1614 Summe
2034 1585 2079 1619 hat
2098 1592 2124 1613 er
2145 1584 2181 1614 die
2202 1586 2403 1624 Verpflichtung
2429 1593 2462 1622 zu

1328 1628 1518 1665 übernehmen,
1546 1629 1596 1663 daß
1617 1636 1641 1659 er
1662 1631 1723 1665 zehn
1744 1628 1829 1663 Jahre
1856 1628 1918 1665 lang
1946 1627 1994 1657 den
2015 1628 2181 1664 Schulberuf
2204 1630 2230 1660 in
2259 1632 2361 1665 unseren
2376 1630 2462 1661 Lande

1328 1673 1446 1703 ausüben
1467 1674 1559 1709 wolle;
1580 1673 1669 1703 würde
1689 1680 1715 1701 er
1734 1678 1781 1702 vor
1796 1672 1901 1706 Umlauf
1920 1672 1996 1706 dieser
2016 1673 2073 1709 Zeit
2092 1674 2139 1708 sich
2155 1674 2209 1703 dem
2223 1674 2388 1709 Schulberuf
2406 1677 2463 1704 ent¬

1330 1718 1416 1754 ziehen
1435 1717 1498 1748 oder
1515 1717 1563 1747 das
1582 1718 1655 1750 Land
1673 1717 1818 1751 verlassen,
1845 1717 1872 1751 so
1898 1716 1945 1751 soll
1972 1724 1999 1746 er
2018 1717 2058 1747 die
2077 1719 2220 1754 erhaltenen
2242 1724 2297 1749 100
2316 1720 2348 1755 fl.
2366 1719 2463 1749 wieder

1331 1769 1365 1792 an
1384 1764 1432 1792 den
1452 1761 1622 1795 Landesseckel
1650 1759 1895 1799 zurückbezahlen."
1917 1775 1950 1783 —
1991 1763 2045 1791 Am
2065 1762 2205 1796 nämlichen
2224 1764 2287 1803 Tag
2307 1763 2379 1794 ward
2404 1771 2463 1794 vom

1332 1807 1493 1843 zweyfachen
1507 1806 1639 1843 Landrath
1658 1805 1779 1837 erkennt:
1819 1805 1905 1842 „Die
1924 1806 2085 1842 unehelichen
2102 1807 2203 1838 Kinder
2223 1809 2320 1844 sollen,
2343 1808 2368 1843 so
2386 1809 2465 1848 lange

1331 1850 1401 1880 keine
1419 1850 1600 1889 Legitiamtion
1630 1848 1747 1888 erfolgt,
1776 1849 1824 1880 den
1845 1850 2104 1884 Geschlechtsnamen
2132 1852 2200 1887 ihrer
2219 1853 2326 1883 Mutter
2354 1855 2443 1891 tragen
2452 1861 2463 1888 ;

1329 1894 1413 1928 jedoch
1441 1894 1488 1927 soll
1513 1893 1623 1928 dadurch
1650 1894 1697 1923 den
1718 1893 1885 1928 Ansprüchen
1916 1901 1949 1923 an
1979 1894 2029 1923 den
2058 1896 2229 1926 anerkannten
2258 1898 2346 1929 Vater
2374 1898 2465 1931 solcher

1325 1937 1431 1969 Kinder
1449 1937 1575 1972 keinerley
1590 1937 1710 1969 Abbruch
1730 1937 1897 1975 geschehen."
1933 1938 1977 1973 In
1996 1938 2049 1968 den
2065 1939 2360 1980 Erwägungsgründen
2386 1942 2465 1975 dieses

1330 1982 1490 2016 Beschlusses
1508 1981 1577 2017 heißt
1596 1985 1642 2011 es:
1682 1981 1775 2016 „Daß
1796 1989 1873 2011 wenn
1893 1981 1953 2012 dem
1969 1983 2129 2019 unehelichen
2144 1985 2228 2016 Kinde
2250 1986 2292 2016 der
2312 1988 2400 2015 Name
2418 1986 2464 2016 des

1332 2027 1434 2056 Vaters
1452 2027 1563 2064 gegeben
1583 2022 1691 2060 würde,
1720 2024 1834 2059 dadurch
1860 2026 1887 2055 in
1908 2027 2010 2061 unserm
2030 2028 2114 2059 Lande
2133 2031 2310 2064 Geschlechter
2337 2032 2465 2067 entstehen

1333 2069 1447 2107 dürften,
1468 2070 1545 2100 deren
1556 2072 1659 2101 Namen
1680 2070 1748 2104 nicht
1766 2070 1795 2100 in
1815 2071 1917 2104 unserer
1931 2072 2053 2107 Sprache
2072 2073 2225 2111 geschrieben
2247 2076 2299 2104 und
2316 2076 2465 2113 gesprochen

1334 2115 1433 2144 werden
1455 2114 1575 2149 könnten,
1597 2115 1731 2150 besonders
1751 2114 1811 2145 aber
1831 2115 1925 2149 fremde
1945 2116 2012 2149 nicht
2027 2118 2194 2153 einheimische
2209 2121 2465 2155 Geschlechtsnamen

1333 2160 1491 2193 aufkommen
1511 2158 1646 2194 möchten,
1676 2158 1754 2193 durch
1785 2159 1894 2194 welchen
1919 2159 1967 2190 den
1988 2162 2170 2201 unschuldigen
2191 2166 2379 2198 Nachkommen
2411 2167 2466 2196 eine

1335 2205 1392 2237 stete
1412 2205 1585 2242 Hinweisung
1606 2204 1652 2239 auf
1671 2203 1710 2233 die
1731 2205 1872 2239 uneheliche
1893 2206 2010 2244 Abkunft
2030 2206 2072 2236 der
2093 2208 2202 2243 Familie
2228 2210 2332 2240 bleiben,
2346 2210 2465 2240 würde."

1335 2250 1413 2280 Ueber
1433 2250 1472 2278 die
1493 2250 1676 2287 Legitimation
1697 2248 1741 2278 der
1760 2251 1926 2285 Unehelichen
1954 2250 2024 2281 dann
2044 2252 2103 2283 aber
2123 2254 2257 2284 verordnet
2278 2256 2317 2284 ein
2337 2255 2464 2289 Beschluß

1334 2301 1391 2323 vom
1414 2294 1523 2332 gleichen
1544 2295 1638 2332 Tage:
1678 2294 1762 2329 „Die
1792 2294 1973 2333 nachfolgende
1993 2297 2104 2334 Heirath
2133 2298 2176 2327 der
2197 2299 2291 2330 Eltern
2317 2302 2400 2335 mache
2425 2299 2465 2331 die

1335 2346 1414 2375 zuvor
1433 2346 1484 2368 von
1504 2339 1581 2374 ihnen
1603 2341 1738 2377 erzeugten
1757 2338 1859 2371 Kinder
1880 2340 1972 2376 ehrlich
1994 2341 2047 2371 und
2068 2341 2201 2381 erbfähig,
2226 2344 2287 2382 gebe
2308 2344 2382 2378 ihnen
2403 2343 2464 2380 auch

1335 2383 1532 2417 Gemeindrecht
1551 2383 1605 2413 und
1626 2383 1881 2417 Geschlechtsnamen
1903 2385 1948 2414 des
1967 2386 2082 2416 Vaters.
2123 2388 2178 2419 Die
2192 2390 2288 2419 Eltern
2311 2389 2379 2425 selbst
2398 2397 2463 2419 wer¬

1336 2427 1381 2457 den
1403 2427 1512 2460 dadurch
1539 2429 1583 2457 der
1602 2429 1650 2464 auf
1668 2428 1745 2462 ihnen
1765 2428 1901 2464 hastenden
1924 2429 2015 2460 Makel
2035 2432 2175 2468 enthoben,
2203 2433 2288 2468 jedoch
2316 2434 2375 2467 muß
2403 2434 2465 2467 diese

1335 2474 1543 2508 Rehabilitation
1572 2480 1620 2503 vor
1646 2473 1700 2503 dem
1727 2474 1823 2511 großen
1850 2475 1925 2509 Rath
1955 2477 2119 2513 nachgesucht
2138 2477 2271 2508 werden."
2309 2479 2367 2510 Der
2386 2479 2466 2509 vierte

1335 2520 1398 2548 Art.
1420 2518 1463 2547 des
1485 2518 1643 2553 Beschlusses
1663 2518 1766 2556 besagt:
1807 2519 1878 2554 „In
1899 2520 2055 2559 Beziehung
2075 2521 2121 2556 auf
2139 2521 2187 2552 das
2207 2521 2383 2562 Bürgerrecht
2402 2525 2465 2562 legi¬

1336 2563 1443 2592 timirter
1460 2562 1580 2597 Kinder,
1609 2564 1653 2597 soll
1673 2570 1758 2601 gegen
1775 2563 1867 2593 andere
1888 2565 2012 2594 Kantone
2032 2566 2080 2595 das
2101 2566 2263 2605 Gegenrecht
2292 2568 2419 2603 bestehen;
2441 2570 2465 2603 so

1335 2607 1394 2641 daß,
1417 2615 1494 2637 wenn
1514 2607 1619 2642 daselbst
1639 2609 1678 2637 ein
1699 2608 1748 2637 mit
1767 2608 1835 2638 einer
1855 2608 2018 2648 dießseitigen
2039 2611 2221 2650 Angehörigen
2242 2615 2391 2651 erzeugtes,
2414 2613 2467 2644 und

1333 2659 1379 2683 vor
1410 2652 1452 2682 der
1479 2653 1537 2688 Ehe
1565 2653 1689 2691 gebornes
1709 2652 1784 2684 Kind
1814 2653 1891 2686 durch
1918 2653 1956 2683 die
1985 2655 2167 2694 nachfolgende
2188 2658 2247 2692 Ehe
2275 2659 2353 2694 seiner
2372 2658 2466 2689 Eltern

1334 2698 1471 2736 legitimirt
1492 2697 1543 2726 und
1564 2698 1603 2727 ein
1624 2697 1806 2736 Angehöriger
1826 2698 1953 2733 deselben
1973 2700 2099 2731 Kantons
2120 2700 2203 2737 wird,
2225 2702 2272 2732 das
2291 2703 2382 2742 gleiche
2402 2705 2464 2738 auch

1334 2744 1443 2778 hierorts
1464 2742 1609 2774 beobachtet
1627 2744 1729 2773 werden
1750 2744 1840 2777 solle."
1848 2746 1949 2773 —Am
1968 2745 1998 2774 4.
2013 2746 2084 2780 May
2104 2747 2149 2782 hat
2169 2746 2210 2776 der
2228 2748 2307 2786 große
2321 2748 2394 2784 Rath
2409 2756 2464 2785 „zu

1335 2787 1543 2826 Sicherstellung
1564 2788 1616 2817 und
1638 2787 1812 2826 Anwendung
1833 2788 1878 2818 des
1899 2789 2078 2825 Salzfonds"
2099 2791 2261 2826 beschlossen:
2301 2794 2360 2825 Der
2380 2793 2467 2828 jewei¬

1335 2834 1383 2872 lige
1405 2832 1585 2871 Salzdireklor
1615 2833 1667 2863 und
1698 2833 1737 2864 die
1765 2833 1861 2869 beyden
1884 2835 2011 2870 Faktoren
2039 2842 2086 2866 vor
2113 2836 2166 2866 und
2195 2837 2279 2873 hinter
2299 2837 2342 2868 der
2362 2839 2464 2874 Sitter,

1334 2879 1410 2912 sollen
1431 2879 1487 2908 eine
1504 2886 1571 2917 ganz
1592 2877 1747 2916 unbedingte
1777 2878 1831 2909 und
1858 2879 1885 2909 in
1912 2880 1981 2914 jeder
2001 2881 2156 2920 Beziehung
2182 2883 2351 2918 annehmbare
2370 2881 2465 2922 Bürg¬

1333 2923 1413 2958 schaft
1431 2923 1532 2958 leisten;
1562 2921 1604 2958 für
1624 2924 1663 2954 die
1683 2924 1823 2962 Salzregie
1843 2925 1889 2958 soll
1910 2932 1960 2954 nur
1980 2925 2019 2954 die
2039 2925 2109 2963 dazu
2123 2926 2311 2961 erforderliche
2311 2926 2384 2961 nicht
2404 2929 2466 2958 über

1334 2971 1439 3003 30,000
1459 2969 1491 3004 fl.
1511 2968 1671 3007 ansteigende
1692 2969 1807 3000 Summe
1827 2970 1996 3007 nothwendig
2017 2970 2087 3006 seyn,
2108 2970 2162 3000 und
2181 2970 2224 3000 der
2245 2972 2397 3007 Ueberschuß
2418 2975 2464 3002 all¬

1333 3013 1441 3049 jährlich
1462 3013 1517 3043 dem
1529 3014 1670 3047 Landseckel
1689 3014 1834 3050 zufließen;
1854 3013 1953 3049 endlich
1972 3016 2019 3050 soll
2038 3016 2091 3045 eine
2111 3015 2246 3046 detaillirte
2260 3018 2464 3057 Salzrechnung

1334 3058 1436 3097 künftig
1457 3058 1501 3088 der
1519 3057 1826 3097 Prüfungskommission,
1841 3059 1888 3089 der
1903 3060 2083 3097 Rechnungen
2108 3062 2239 3100 vorgelegt
2259 3062 2312 3092 und
2332 3063 2372 3092 als
2392 3064 2465 3102 eigne

1334 3104 1498 3142 Abtheilung
1518 3105 1566 3133 mit
1585 3104 1629 3134 der
1646 3102 1844 3142 gewöhnlichen
1859 3105 2064 3144 Jahrrechnung
2093 3106 2238 3136 verbunden
2260 3106 2373 3137 werden.
2414 3111 2467 3138 Am

1334 3152 1362 3178 5.
1382 3148 1455 3184 May
1484 3149 1555 3178 ward
1576 3149 1631 3179 eine
1650 3150 1753 3183 amtlich
1772 3149 1994 3187 vorzunehmende
2016 3150 2209 3190 Untersuchung
2238 3149 2302 3182 über
2329 3152 2375 3182 das
2396 3153 2465 3184 Ent¬

1320 3194 1414 3234 stehen
1445 3193 1514 3228 jede
1545 3194 1773 3230 Feuerausbruchs
1810 3194 1886 3228 durch
1923 3195 1963 3225 die
1993 3195 2263 3232 Gemeindevorsteher
2296 3197 2469 3236 angeordnet.

1334 3238 1389 3269 Und
1408 3240 1524 3278 gleichen
1540 3240 1622 3278 Tags
1648 3239 1721 3270 ward
1742 3240 1899 3275 hinsichtlich
1930 3240 1981 3271 der
1993 3240 2169 3280 Beerdigung
2197 3248 2247 3272 von
2270 3242 2465 3281 Frühgeburten

1316 3281 1452 3324 verfügt:
1481 3284 1523 3317 die
1540 3286 1666 3321 Meßmer
1682 3283 1743 3316 oder
1761 3285 1964 3324 Todtengräber
1987 3286 2063 3322 sollen
2082 3286 2189 3317 darüber
2207 3294 2306 3325 genaue
2326 3288 2460 3324 Verzeich¬
