2065 2480
1475 167 1826 258 1810

227 162 400 258 Nro.
469 194 612 293 72.

125 329 629 473 Zürcher

1352 332 1928 476 Zeitung

1441 506 1514 547 den
1525 509 1570 553 7.
1587 502 1815 549 September

266 496 522 551 Freytag,

116 644 242 675 Gedruckt
256 646 308 674 und
321 653 349 678 zu
364 645 449 680 finden
464 644 493 674 in
509 645 553 674 der
568 645 776 678 Buchhandlung
798 649 846 671 von
866 641 978 673 Orell,
997 641 1102 682 Füßli
1102 641 1178 682 und
1178 641 1409 682 Compagnie
1409 641 1468 682 und
1468 641 1529 682 auf
1529 641 1616 682 allen
1616 641 1751 682 Schweiz.
1751 641 1923 682 Postämtern

158 735 270 770 Türkey.
310 740 384 772 (stete
398 738 615 772 Widersprüche).
656 739 798 768 Schweden
813 737 1037 771 (wahrscheinliche
1052 737 1187 770 Erhebung
1201 738 1245 766 des
1260 739 1293 773 H.
1306 740 1462 771 Marschalls
1476 741 1639 771 Bernadotte
1653 750 1695 774 zur
1708 738 1863 776 Thronfolge
1877 750 1926 772 von

193 773 359 807 Schweden).
397 775 553 804 Dänemark.
592 775 764 808 Deutschland
774 773 983 807 (merkwürdiger
983 773 1099 807 Eingang
1108 773 1153 808 der
1153 773 1438 808 Verfassungsurkunde
1446 776 1490 805 des
1499 778 1750 814 Großherzogthums
1760 778 1925 813 Frankfurt).

191 809 346 843 Frankreich.
385 810 507 842 Spanien
527 810 578 839 und
598 812 739 844 Portugal.
785 810 923 843 Neuestes.

465 884 672 918 Türkey.

158 940 224 970 Auch
248 940 289 969 die
312 942 429 973 neuesten
449 939 615 970 Nachrichten
637 939 699 968 über
720 939 762 968 die
781 938 899 971 dortigen
921 937 1010 971 Ereig¬

121 980 185 1010 nisse
201 982 396 1015 widersprechen
415 981 465 1009 und
486 982 594 1015 kreutzen
616 981 658 1015 sich
684 982 728 1015 so,
753 981 801 1014 daß
823 987 882 1009 man
906 979 1011 1010 darüber

121 1020 245 1052 durchaus
267 1023 333 1054 nicht
352 1024 423 1055 auf's
441 1022 526 1051 Reine
547 1022 652 1051 kömmt.
692 1025 747 1051 Alle
766 1022 863 1050 werden
886 1028 935 1051 von
948 1021 1010 1053 Lei¬

122 1062 266 1096 denschaft,
298 1065 348 1093 und
372 1065 429 1095 noch
453 1064 523 1094 mehr
543 1071 591 1092 von
611 1065 741 1099 Interesse
765 1064 901 1097 gemodelt.
948 1063 1009 1090 Den

123 1104 210 1135 Einen
226 1107 323 1140 zufolge
334 1108 407 1139 hatte
423 1106 464 1139 sich
482 1106 525 1134 der
544 1106 657 1140 wichtige
670 1107 738 1139 Platz
755 1112 804 1134 von
817 1103 1011 1139 Ruschtschuk

122 1147 190 1176 denn
210 1150 265 1180 doch
284 1152 338 1178 noch
359 1157 390 1177 an
408 1149 447 1177 die
461 1148 570 1183 Russen
592 1148 698 1182 ergeben
708 1155 716 1181 ;
737 1148 795 1177 nach
816 1146 920 1175 Andern
929 1147 1010 1178 hatte

120 1190 196 1224 sogar
218 1192 259 1220 der
282 1191 426 1228 Russische
448 1192 622 1223 Obergeneral
648 1190 826 1225 Ramensky
850 1188 929 1222 selber
955 1188 1011 1219 dem

122 1233 288 1263 Großvessier
302 1236 352 1263 den
369 1233 477 1265 Frieden
495 1236 650 1265 angetragen
658 1248 665 1260 ,
687 1232 739 1259 und
754 1233 818 1261 habe
835 1237 896 1258 man
914 1229 1011 1260 bereits

120 1271 350 1306 Vorbereitungen
377 1280 406 1303 zu
434 1272 516 1303 einem
542 1273 677 1306 Kongresse
703 1274 824 1301 bemerkt.
869 1273 946 1304 Wohl
969 1279 1010 1300 am

120 1311 329 1346 Gründlichsten
336 1314 427 1345 erhellt
446 1314 503 1345 noch
520 1314 562 1342 die
576 1314 713 1352 Wahrheit
726 1315 798 1346 durch
814 1314 857 1350 ein
857 1314 1011 1350 Persifflage

122 1354 174 1382 aus
196 1354 431 1388 Hermannstadt
451 1361 507 1381 vom
527 1357 554 1384 6.
575 1359 642 1389 Aug.
667 1356 717 1385 wie
734 1356 816 1389 folgt:

161 1415 253 1448 „Man
269 1415 311 1447 hat
325 1414 434 1447 ziemlich
446 1415 637 1448 abgeschmackte
649 1417 775 1449 Gerüchte
788 1424 836 1445 von
845 1417 891 1446 den
903 1418 1008 1452 Kriegs¬

118 1457 247 1488 vorfällen
264 1457 291 1485 in
308 1457 397 1487 unsrer
418 1457 613 1493 Nachbarschaft
635 1459 795 1493 verbreitet;
824 1466 883 1489 man
901 1462 944 1493 hat
961 1462 1011 1489 den

121 1499 289 1532 Großvessier
312 1499 409 1528 bereits
433 1498 473 1527 bis
496 1499 691 1533 Adrianopel
718 1496 931 1536 zurückdrängen,
970 1503 1009 1532 die

121 1541 236 1574 Russen
253 1541 314 1570 über
333 1542 382 1569 das
401 1539 521 1573 Gebürge
540 1543 663 1572 Balkan
678 1543 755 1575 setzen
763 1560 772 1571 ,
798 1544 840 1571 die
853 1545 1010 1580 Türkische

119 1586 218 1613 Armee
239 1584 341 1616 daselbst
362 1583 504 1616 umgehen,
536 1584 586 1611 und
608 1583 775 1616 abscheuliche
792 1582 922 1619 Engpässe
922 1582 1007 1619 durch

121 1625 163 1654 die
184 1624 293 1661 Russen
310 1626 416 1659 besetzen
435 1625 525 1656 lassen,
548 1625 571 1659 so
594 1626 641 1660 daß
662 1625 702 1655 die
718 1632 806 1654 armen
823 1626 958 1658 Türken,
980 1629 1006 1657 in

118 1667 325 1702 Verlegenheit,
347 1666 431 1699 wohin
453 1666 483 1699 sie
505 1666 546 1700 sich
564 1670 668 1698 wenden
687 1669 781 1702 sollen,
799 1669 851 1699 ihre
865 1670 952 1699 Route
966 1678 1006 1705 ge¬

119 1709 182 1737 rade
202 1712 257 1739 nach
271 1711 491 1746 —Augsburg
511 1712 616 1741 nehmen
637 1712 757 1742 wollten,
784 1711 841 1739 weil
857 1714 913 1745 auch
936 1713 1005 1747 sogar

118 1751 164 1780 die
187 1752 410 1785 unbarmherzigen
431 1753 579 1785 Rosaken
579 1753 636 1785 von
650 1767 684 1774 —
695 1754 863 1789 Frankfurt
883 1758 930 1785 aus
952 1756 1005 1788 ihre

117 1796 259 1825 Schrecken
285 1794 325 1823 bis
348 1794 406 1826 nach
435 1794 626 1828 Adrianopel
651 1797 792 1826 verbreitet
816 1797 913 1831 hätten.
961 1801 1004 1828 So

112 1837 236 1872 gebiehrt
252 1838 295 1866 der
309 1839 381 1870 Berg
396 1836 434 1869 oft
447 1834 503 1865 eine
521 1838 608 1866 Maus
616 1855 624 1868 ,
645 1840 697 1867 und
714 1840 763 1869 das
778 1841 877 1874 Ganze
877 1841 913 1874 ist
922 1848 930 1871 :
951 1844 1006 1873 Der

115 1880 286 1913 Großvessier
305 1880 366 1913 steht
390 1880 433 1907 bey
456 1875 622 1910 Schiumla
641 1879 669 1909 in
686 1880 771 1910 einem
788 1884 851 1916 stark
869 1884 1007 1918 verschanz¬

114 1925 163 1950 ten
178 1922 272 1956 Lager;
291 1922 333 1951 die
347 1920 454 1957 Russen
473 1921 614 1955 versuchten
633 1922 690 1952 eine
708 1924 827 1954 Redoute
842 1933 872 1957 zu
888 1928 1004 1959 nehmen,

115 1962 207 1995 liessen
231 1964 289 1994 aber
310 1976 387 1992 1000.
402 1967 490 1994 Mann
506 1966 553 1995 und
570 1967 610 1995 die
624 1966 744 1995 Redoute
754 1966 852 1997 zurück,
873 1971 924 1998 und
939 1971 1011 2002 kehr¬

113 2011 163 2037 ten
180 2005 221 2037 sich
235 2014 312 2042 gegen
327 2005 536 2042 Ruschtschuk,
557 2009 637 2042 wohin
657 2008 699 2038 ein
713 2009 799 2040 Corps
813 2009 933 2042 Türken
950 2020 1004 2042 vor¬

113 2048 262 2085 gedrungen
287 2058 347 2079 war.
387 2049 483 2083 Dieses
505 2052 609 2085 Gefecht
630 2053 673 2083 bey
695 2052 751 2079 dem
770 2050 949 2087 Türkischen
962 2058 1004 2086 La¬

112 2098 162 2127 ger
186 2091 229 2124 hat
251 2093 298 2122 das
316 2093 429 2124 Gerücht
453 2093 479 2122 in
505 2093 562 2124 eine
581 2095 653 2129 große
668 2093 786 2123 Schlacht
807 2095 1002 2127 umgewandelt.

112 2137 190 2167 Man
209 2136 252 2167 hat
269 2138 326 2167 auch
347 2136 412 2166 nicht
428 2137 598 2172 Bestätigung
616 2139 744 2171 erhalten,
765 2135 813 2165 daß
830 2136 876 2165 das
894 2147 992 2171 15,000

108 2179 206 2208 Mann
230 2180 303 2212 starke
321 2177 467 2214 Russische
483 2182 568 2213 Corps
584 2182 628 2213 bey
646 2178 838 2214 Ruschtschuk
856 2178 881 2207 in
902 2182 1002 2213 Gefahr

105 2219 234 2254 schwebe,
265 2230 324 2256 ganz
346 2223 531 2255 abgeschnitten
554 2233 582 2257 zu
604 2226 727 2258 werden,
751 2225 807 2250 noch
829 2222 875 2255 daß
896 2221 949 2255 sich
949 2221 999 2255 die

101 2259 259 2298 Russische
268 2269 359 2297 Armee
366 2264 395 2295 in
403 2268 492 2296 vollem
501 2267 611 2303 Rückzug
622 2269 683 2299 über
691 2267 731 2299 die
739 2267 862 2299 Donau
871 2267 997 2303 befinde."

1347 883 1611 914 Schweden.

1071 924 1112 957 In
1131 922 1215 952 einem
1233 924 1554 959 Frankfurter-Blatte
1574 928 1639 956 liest
1658 932 1738 956 man:
1758 928 1844 960 „Nach
1861 926 1926 962 Pri¬

1031 964 1206 997 vatberichten
1227 965 1278 999 sind
1297 966 1349 994 Se.
1364 967 1472 999 Durchl.
1490 968 1534 997 der
1555 969 1627 1004 Fürst
1642 977 1705 999 von
1724 970 1921 1003 Pontecorro

1034 1007 1241 1041 (Bernadotte),
1272 1013 1329 1039 zum
1348 1008 1528 1042 Kronprinzen
1551 1011 1600 1043 von
1623 1011 1795 1046 Schweden
1819 1011 1926 1046 erwählt

1033 1048 1144 1076 worden.

1071 1091 1138 1120 Auch
1155 1088 1194 1117 ein
1208 1090 1347 1122 Schreiben
1366 1093 1415 1119 aus
1430 1091 1640 1131 Kopenhagen
1653 1102 1711 1124 vom
1730 1107 1774 1123 21.
1786 1097 1853 1128 Aug.
1867 1098 1925 1126 ent¬

1034 1130 1091 1163 hält
1112 1132 1264 1165 wenigstens
1285 1132 1325 1161 die
1346 1134 1495 1166 Nachricht,
1527 1136 1574 1170 daß
1593 1137 1635 1173 sich
1648 1137 1683 1166 in
1700 1137 1845 1168 Oerebro
1865 1137 1924 1167 eine

1035 1173 1111 1207 große
1127 1176 1224 1206 Anzahl
1239 1175 1377 1204 Stimmen
1397 1176 1440 1209 für
1458 1176 1592 1210 gedachten
1613 1179 1725 1211 Prinzen
1742 1178 1835 1208 erklärt
1851 1179 1926 1213 habe.

1071 1217 1110 1250 Zu
1129 1217 1318 1252 Stockholm
1331 1225 1385 1247 war
1403 1218 1507 1250 kürzlich
1524 1224 1600 1249 unter
1616 1222 1674 1250 dem
1688 1220 1780 1251 Titel:
1800 1220 1928 1255 Schrei¬

1034 1255 1089 1287 ben
1108 1267 1169 1288 aus
1184 1261 1350 1293 Pommern
1369 1268 1408 1290 an
1429 1262 1514 1290 einen
1535 1263 1660 1298 Freund
1680 1262 1712 1294 in
1735 1262 1924 1296 Schweden,

1035 1299 1091 1328 eine
1116 1300 1194 1329 kleine
1219 1301 1360 1335 Broschüre
1384 1303 1544 1336 erschienen,
1576 1307 1665 1337 welche
1692 1305 1749 1334 eine
1773 1304 1926 1340 betrübende

1035 1343 1199 1377 Darstellung
1211 1345 1254 1372 der
1267 1344 1359 1377 großen
1369 1346 1504 1379 Verluste,
1526 1347 1564 1376 die
1578 1348 1843 1381 Vor-Pommern
1855 1349 1925 1381 wäh¬

1033 1385 1095 1412 rend
1120 1386 1165 1413 des
1185 1386 1271 1420 letzten
1295 1386 1404 1420 Krieges
1421 1387 1529 1417 erlitten
1546 1391 1607 1422 hat,
1628 1389 1739 1423 enthält.
1778 1390 1922 1425 Folgendes

1034 1426 1062 1458 ist
1082 1426 1205 1461 ungefähr
1225 1428 1265 1457 die
1283 1430 1472 1464 Hauptsumme
1494 1431 1579 1464 seines
1599 1434 1733 1468 Inhalt:

1757 1475 1848 1510 Rthlr.
1888 1476 1925 1512 ßl.

1033 1513 1062 1543 1.
1080 1510 1132 1544 Für
1146 1511 1192 1538 den
1203 1512 1337 1544 Unterhalt
1349 1512 1395 1542 des
1406 1514 1550 1548 Militärs,
1571 1521 1678 1550 welche-

1080 1553 1108 1582 in
1125 1553 1174 1587 der
1174 1553 1289 1587 Provinz
1305 1562 1373 1586 war,
1398 1556 1441 1586 die
1455 1559 1605 1593 Hospitäler
1625 1562 1680 1591 ein¬

1079 1595 1209 1627 berechnet
1252 1617 1678 1633 ..........
1715 1610 1862 1638 3,898,995

1033 1636 1061 1665 2.
1080 1639 1220 1671 Abbezahlt
1229 1640 1277 1673 auf
1286 1640 1326 1669 die
1334 1641 1573 1679 außerordentliche
1573 1641 1678 1679 Kriegs¬

1078 1680 1157 1712 schuld
1180 1683 1236 1714 (die
1248 1691 1278 1715 zu
1292 1692 1449 1718 3,000,000.
1465 1688 1562 1721 Franks
1577 1688 1677 1722 bestimt

1077 1724 1159 1755 war),
1181 1724 1260 1756 theils
1276 1727 1301 1753 in
1317 1727 1417 1755 baarem
1432 1729 1530 1761 Gelde,
1552 1730 1632 1763 theils
1646 1731 1672 1759 in

1077 1764 1395 1801 Getreide-Lieferungen
1434 1789 1672 1801 ......
1740 1778 1859 1807 484,231
1882 1782 1918 1801 re

1031 1808 1056 1833 3.
1077 1802 1178 1830 Andere
1206 1802 1438 1839 außerordentliche
1465 1808 1605 1841 Ausgaben
1630 1807 1670 1842 für

1076 1844 1187 1877 Fuhren,
1206 1844 1383 1878 Arbeitslohn,
1399 1847 1546 1883 Expressen,
1546 1847 1673 1883 Schreib-

1063 1886 1129 1913 und
1149 1886 1329 1919 Druckkosten,
1366 1889 1595 1921 Baumaterialien
1617 1893 1669 1921 und

1063 1927 1185 1960 Kosten,
1218 1929 1403 1963 Festivitäten,
1438 1932 1671 1970 Kleidungsstücke,

1073 1972 1230 2006 Errichtung
1241 1980 1289 2001 von
1303 1973 1504 2005 schwimmenden
1516 1977 1671 2009 Batterien,

1075 2014 1122 2043 des
1137 2015 1238 2044 Kavers
1253 2016 1343 2049 Tilsit
1361 2016 1410 2043 und
1435 2024 1495 2049 150.
1511 2018 1674 2052 Transport¬

1077 2057 1224 2091 fahrzengen
1242 2066 1271 2089 zu
1291 2058 1360 2087 einer
1371 2058 1538 2092 projektirten
1553 2062 1673 2093 See-Ex¬

1074 2099 1190 2133 pedition
1208 2108 1233 2128 u.
1255 2100 1272 2131 s.
1293 2104 1345 2129 w.
1380 2121 1677 2135 .........
1741 2111 1861 2139 747,992
1882 2117 1918 2126 —

1029 2148 1055 2176 4.
1076 2142 1129 2171 Die
1151 2141 1310 2177 Schiffsche
1330 2142 1456 2176 Invasion
1469 2157 1491 2163 -
1566 2167 1670 2176 ...
1744 2157 1860 2177 100,000
1881 2159 1917 2168 —

1318 2186 1433 2216 Summe
1447 2189 1576 2221 Pommer.
1592 2192 1673 2223 Cour.
1711 2200 1861 2226 5,231,218
1884 2203 1915 2220 II

1027 2226 1081 2255 Und
1097 2225 1155 2254 dies
1170 2226 1260 2260 mußte
1275 2227 1315 2255 ein
1333 2229 1401 2258 Land
1419 2230 1523 2264 leisten,
1554 2236 1601 2264 das
1621 2236 1667 2266 auf
1688 2245 1722 2269 70
1730 2244 1766 2268 —
1766 2244 1817 2268 72.
1839 2234 1918 2266 Qua¬

1027 2269 1183 2300 dratmeilen
1201 2272 1326 2307 114,000.
1338 2272 1494 2309 Einwohner
1507 2275 1592 2312 zählt,
1611 2285 1700 2307 wovon
1719 2277 1791 2313 (nach
1808 2277 1855 2307 den
1864 2278 1939 2309 Ta¬
