3839 5551
159 123 258 180 Nr.
289 123 406 186 356
475 127 671 196 Erstes
705 130 907 194 Blatt.
979 129 1014 187 S
1609 133 1895 211 Siebenzigster
1931 131 2169 207 Jahrgang.
2639 146 2919 220 Montag,
2957 150 3053 214 22.
3091 151 3399 224 Derember
3437 157 3605 223 1899.

141 226 976 644 Neue
1045 244 3616 743 Zürcher-Zeitung

279 775 713 811 Abonnementspreise.
748 788 765 810 3
765 788 862 810 Monate.
887 789 905 812 6
905 789 1002 812 Monate.

116 813 218 841 Zürich
230 818 302 839 (wenn
316 821 348 840 die
362 821 453 848 Zeitung
467 821 560 847 abgeholt
573 822 636 845 wird)
675 837 680 844 .
709 838 714 845 .
742 822 778 849 Fr.
794 824 855 846 4.50
882 825 919 851 Fr.
946 826 1007 848 8.50

116 842 234 869 Schweiz
251 844 378 871 (Bestellung
393 847 442 870 beim
458 848 605 874 Postbureau).
642 865 647 871 .
671 864 678 871 .
758 866 766 874 „
797 852 814 874 6.
829 862 852 868 —
896 867 905 879 „
937 853 967 875 11.
983 864 1005 871 —

117 868 302 894 Deutschland
331 873 457 902 (Bestellung
477 875 529 898 beim
542 875 642 900 Postamt)
675 892 680 898 .
710 893 714 899 .
737 876 781 899 Mk.
796 879 852 901 6.25

116 894 410 928 Oesterreich-Ungarn
430 900 491 926 (Best.
507 902 526 925 b.
541 903 643 928 Postamt)
676 902 699 929 fl.
713 902 732 925 ö.
748 903 780 926 W.
795 906 854 927 4.82

116 920 205 948 Uebrige
217 922 310 948 Staalen
325 928 361 950 des
376 928 620 955 Weltpostvereins
634 945 639 951 .
667 946 673 953 .
735 930 772 957 Fr.
785 932 855 954 11.50
882 932 917 958 Fr.
933 936 1002 955 22.—

271 976 577 1008 Redaktionsbureau:
597 978 746 1014 Brunngasse
766 980 810 1008 Nr.
828 979 852 1007 2.

1223 826 1361 954 und
1419 827 1960 987 schweizerisches
2015 830 2539 990 Handelsblatt.

2996 804 3384 844 Insertionspreise:

2943 838 2984 863 Per
2997 839 3116 868 einspaltige
3125 841 3227 869 Petitzeile
3240 847 3286 866 oder
3299 846 3356 867 deren
3371 846 3442 869 Raum

2885 864 2919 889 für
2934 864 2963 887 die
2978 865 3068 893 Schweiz
3080 869 3106 889 25
3121 867 3174 893 Cts.,
3194 869 3228 894 für
3243 872 3280 892 das
3295 871 3389 895 Ausland
3403 875 3430 896 40
3445 873 3495 899 Cts.,

2754 888 2917 917 Local-Inserate
2927 893 2953 914 20
2962 891 3007 914 Cts.
3022 893 3077 918 (excl.
3088 894 3163 920 finaz.
3173 895 3287 926 Anzeigen),
3303 897 3409 926 Reclamen
3420 900 3459 929 Fr.
3459 900 3517 929 1.—
3517 900 3557 929 per
3566 904 3632 929 Zeile.

2983 918 3096 948 Alleinige
3108 920 3352 950 Inseraten-Annahme
3365 927 3395 948 bei

3046 947 3198 979 Radolf
3213 951 3337 983 Mosse

2754 977 2993 1009 Annoncen-Expedition
3013 985 3048 1012 für
3063 988 3100 1009 alle
3115 988 3271 1017 schweizerischen
3289 992 3331 1013 und
3347 990 3497 1019 ausländischen
3513 993 3628 1022 Zeitungen

3017 1016 3124 1051 Zürich,
3145 1018 3295 1052 Schifflände
3308 1019 3349 1048 32.

173 1086 258 1131 An
300 1094 451 1144 unsere
491 1094 786 1139 Abonnenten
824 1099 919 1141 und

358 1160 749 1213 Lokalinserenten.

191 1204 250 1238 Die
273 1207 379 1247 großen
392 1208 630 1251 Anstrengungen,
653 1209 695 1242 die
708 1211 874 1252 namentlich
889 1212 972 1252 durch

123 1247 326 1292 Ausdehnung
339 1254 396 1285 und
409 1253 644 1295 Beschleunigung
657 1256 768 1295 unseres
782 1256 972 1295 Nachrichten¬

124 1292 248 1331 dienstes
270 1295 320 1335 für
345 1298 387 1330 die
398 1298 517 1339 Hebung
539 1299 586 1332 der
604 1299 701 1333 Neuen
712 1299 972 1344 Zürcher-Zeitung

122 1339 250 1377 gemacht
275 1342 389 1375 worden
412 1343 468 1381 sind
491 1344 548 1376 und
565 1343 704 1385 beständig
717 1347 840 1378 erneuert
852 1347 971 1384 werden,

120 1380 172 1421 hat
199 1383 254 1416 das
277 1386 431 1425 Publikum
454 1386 533 1428 durch
556 1388 615 1420 eine
643 1393 700 1421 von
722 1388 802 1429 Jahr
834 1398 869 1430 zu
890 1391 971 1431 Jahr

120 1426 282 1468 gesteigerte
319 1431 398 1470 Zahl
449 1434 495 1466 der
544 1432 754 1467 Abonnements
808 1436 969 1470 anerkannt.

120 1471 179 1504 Um
226 1478 287 1508 uns
332 1475 425 1516 hiefür
466 1476 626 1516 erkenntlich
676 1486 711 1518 zu
765 1479 857 1519 zeigen
912 1480 971 1513 und

123 1516 170 1548 der
194 1516 295 1551 Neuen
318 1520 576 1563 Zürcher-Zeitung
607 1530 674 1555 neue
695 1521 822 1562 Freunde
856 1533 889 1563 zu
924 1534 967 1565 ge¬

120 1559 251 1599 winnen,
275 1563 470 1609 beabsichtigen
492 1566 556 1602 wir,
579 1567 632 1600 mit
645 1566 775 1607 Neujahr
790 1568 847 1601 eine
857 1569 970 1609 Anzahl

117 1605 250 1639 weiterer
275 1609 508 1650 Verbesserungen
532 1611 721 1652 einzuführen.

200 1646 385 1685 Dreimal
422 1649 649 1691 wöchentlich
683 1651 707 1691 je
740 1661 789 1684 am
822 1653 976 1694 Dienstag,

122 1689 322 1733 Donnerstag
345 1696 403 1726 und
425 1694 568 1732 Samstag
591 1696 661 1728 wird
688 1696 741 1729 das
763 1697 848 1729 Blatt
870 1698 976 1739 künftig

121 1738 307 1778 regelmäßig
327 1742 379 1773 mit
403 1737 508 1774 einer
523 1738 685 1782 Beilage
707 1741 863 1780 erscheinen.
908 1743 976 1776 Das

120 1779 204 1812 wird
229 1785 421 1824 ermöglichen,
456 1784 513 1816 eine
535 1784 618 1822 Fülle
648 1785 841 1826 interessanten
864 1785 976 1826 Stoffes

120 1823 338 1865 mitzutheilen,
353 1829 401 1860 der
412 1828 505 1868 bisher
517 1833 571 1861 aus
583 1829 794 1871 Raummangel
807 1831 976 1871 wegbleiben

120 1869 236 1908 mußte.

189 1948 247 1989 Die
294 1950 757 1993 Handelsabtheilung
800 1953 871 1986 wird
919 1964 970 1988 um

118 1990 247 2033 wichtige
274 1994 466 2036 Telegramme
500 1997 557 2027 und
579 1995 791 2035 Marktberichte
812 1997 966 2037 bereichert.

189 2037 267 2070 Dem
290 2040 460 2072 lokalen
490 2040 574 2079 Theil
607 2040 679 2072 wird
710 2041 863 2081 vermehrte
896 2044 970 2083 Auf¬

111 2081 308 2117 merksamkeit
332 2084 460 2124 geschenkt
483 2085 598 2116 werden.

192 2091 266 2124 Eine
289 2099 346 2126 von
369 2094 468 2131 unsern
480 2094 747 2127 Stadtabonnenten
757 2096 840 2137 lange
852 2098 971 2137 ersehnte

117 2135 331 2178 Verbesserung
354 2139 425 2171 wird
448 2139 499 2170 mit
521 2139 647 2179 Neujahr
683 2139 729 2171 ins
761 2141 846 2174 Leben
869 2143 965 2175 treten.

117 2179 190 2215 Das
222 2179 496 2224 Morgenblatt
525 2183 597 2215 wird
630 2183 801 2226 beträchtlich
834 2183 970 2228 früher

119 2225 170 2257 als
195 2225 294 2265 bisher
317 2226 357 2259 im
381 2226 556 2269 Wellenberg
586 2229 642 2260 und
679 2228 709 2261 in
743 2228 816 2262 allen
839 2230 969 2271 Ablagen

119 2269 300 2310 ausgegeben
345 2273 460 2305 werden.
521 2272 577 2305 Die
620 2282 746 2312 genauen
786 2274 967 2315 Abholzeiten

118 2315 232 2346 werden
257 2315 312 2347 wir
336 2315 472 2356 seinerzeit
494 2316 532 2349 im
556 2316 654 2349 Blatte
679 2317 791 2350 bekannt
813 2319 907 2359 geben.

187 2361 260 2394 Eine
282 2363 392 2395 weitere
413 2363 535 2403 wichtige
557 2364 709 2404 Neuerung
743 2365 777 2403 ist
798 2366 902 2399 bereits
924 2375 960 2406 zu

116 2403 247 2442 Gunsten
284 2407 331 2438 der
364 2407 480 2447 verehrl.
504 2407 888 2447 Lokalinserenten
923 2411 963 2444 im

116 2449 346 2489 Annoncentheil
369 2452 532 2492 eingeführt.
579 2452 645 2485 Das
668 2454 733 2491 erste
755 2454 840 2486 Blatt
863 2455 963 2493 (Mor¬

117 2495 312 2535 genausgabe)
337 2496 444 2536 enthält
467 2496 586 2534 nämlich
609 2497 655 2534 seit
683 2500 731 2529 15.
745 2498 893 2537 Dezember
906 2499 963 2532 eine

123 2547 193 2570 neue
212 2540 332 2576 Rubrik,
355 2540 450 2580 welche
472 2543 553 2573 unter
576 2542 634 2573 dem
659 2541 737 2574 Titel

226 2642 419 2727 Kleiner
464 2641 853 2729 Lokal-Anzeiger

114 2720 267 2757 enthalten
293 2722 365 2761 soll:
399 2722 869 2764 Wohnungsangebote
904 2726 962 2758 und

108 2763 563 2807 Wohnungsgesuche,
615 2768 962 2809 Dienstofferten

107 2808 177 2839 und
223 2808 597 2852 Stellengesuche,
643 2812 797 2851 Käufe,
855 2814 959 2847 Ver¬

105 2853 241 2891 käufe
265 2855 322 2886 und
345 2855 716 2895 Verpachtungen,
739 2857 961 2897 Vermischte

107 2897 337 2938 Anzeigen
371 2899 415 2938 rc.,
448 2900 679 2938 sämmtlich
713 2902 799 2940 nach
830 2901 958 2934 Kate¬

108 2942 272 2980 gorien
296 2944 376 2975 und
399 2943 438 2975 in
461 2944 797 2985 gleichmäßigem
822 2947 959 2979 Arran¬

107 2989 285 3025 gement
308 2988 518 3026 geordnet.

183 3062 245 3095 Der
264 3063 506 3102 Insertionspreis
542 3065 589 3103 für
621 3065 709 3103 diesen
732 3066 959 3107 Lokal-Anzeiger

107 3107 145 3144 ist
167 3116 202 3138 —
226 3108 588 3147 außerordentlich
611 3109 748 3150 billig
768 3128 800 3134 —
821 3112 872 3144 wie
888 3112 959 3152 folgt

111 3152 265 3191 angesetzt:

156 3203 391 3246 Grundtaxe
414 3204 460 3243 für
482 3205 553 3243 jedes
575 3205 693 3243 Inserat
799 3207 847 3242 10
869 3209 955 3244 Cts.

158 3246 363 3291 Worttaxe
383 3249 443 3287 (für
466 3249 538 3288 jedes
560 3250 737 3290 geschriebene

203 3294 269 3325 oder
293 3294 425 3334 gedruckte
447 3293 544 3335 Wort)
820 3296 845 3331 2
868 3297 953 3332 Cts.

181 3316 283 3354 Dieser
305 3315 605 3355 Berechnungsmodus
627 3317 772 3355 entspricht
792 3320 957 3358 vergleichs¬

111 3362 192 3397 weise
227 3369 298 3400 ganz
332 3360 454 3397 unserem
488 3359 726 3400 Schweizerischen
750 3363 954 3403 Telegraphen¬

109 3405 195 3443 tarif.
241 3404 283 3437 Er
305 3404 463 3444 ermöglicht
483 3404 570 3444 jedem
592 3404 761 3443 Inserenten
791 3413 848 3439 von
870 3414 955 3440 vorn¬

109 3449 209 3487 herein
233 3450 275 3481 die
299 3448 399 3487 Kosten
422 3448 505 3487 seiner
529 3449 661 3481 Annonce
684 3450 761 3490 selbst
782 3461 873 3492 genau
888 3456 956 3485 aus¬

111 3492 264 3530 zurechnen
284 3493 368 3533 bezw.
398 3492 453 3531 sein
484 3492 602 3531 Inserat
635 3494 702 3532 nach
736 3496 795 3528 dem
832 3496 956 3538 Betrage

113 3535 308 3574 einzurichten,
332 3538 384 3569 den
406 3546 432 3568 er
456 3536 593 3577 ausgeben
615 3537 686 3569 will.

184 3583 279 3622 Durch
300 3585 367 3624 diese
389 3594 456 3617 neue
477 3584 641 3624 zeitgemäße
664 3584 847 3627 Einrichtung
870 3588 953 3621 beab¬

105 3626 244 3667 sichtigen
266 3629 326 3665 wir,
350 3631 400 3662 den
421 3628 577 3669 Interessen
610 3629 658 3660 des
676 3628 781 3662 lokalen
805 3631 951 3664 Kleinver¬

102 3671 193 3705 kehrs
228 3674 519 3713 entgegenzukommen.
553 3673 618 3706 Wir
651 3673 753 3705 wollen
784 3677 950 3716 namentlich

104 3715 179 3754 auch
204 3716 265 3748 dem
287 3717 382 3751 Klein-
406 3719 462 3751 und
488 3718 729 3751 Detail-Gewerbe
760 3720 948 3758 ermöglichen,

101 3761 180 3799 seine
204 3760 377 3802 Erzeugnisse
398 3763 455 3794 und
476 3762 602 3795 Waaren
633 3763 747 3794 weitern
768 3761 880 3802 Kreisen
904 3763 948 3795 be¬

100 3807 192 3838 kannt
215 3814 250 3844 zu
274 3806 382 3845 machen
404 3808 461 3839 und
483 3815 516 3845 zu
540 3807 700 3846 empfehlen.

161 3848 228 3886 Zur
251 3848 477 3889 Bequemlichkeit
498 3849 548 3881 des
569 3849 629 3881 Tit.
653 3849 821 3888 Publikums
842 3851 950 3882 werden

105 3897 157 3924 an
191 3892 510 3932 verschiedenen
545 3893 680 3926 Orten
714 3895 780 3926 der
814 3894 949 3927 Stadt

1020 1070 1101 1101 und
1144 1070 1481 1111 Ausgemeinden
1533 1072 1859 1113 Inseratenan¬

1021 1113 1382 1152 nahme-Stellen
1437 1117 1483 1156 für
1539 1118 1588 1151 den
1643 1118 1858 1155 „Kleinen

1019 1157 1417 1201 Lokal-Anzeiger"
1447 1161 1577 1202 errichtet,
1601 1163 1695 1201 welche
1719 1165 1771 1196 wir
1784 1165 1857 1198 dem¬

1020 1202 1108 1241 nächst
1131 1202 1246 1237 bekannt
1269 1204 1352 1244 geben
1377 1206 1490 1238 werden.

1087 1249 1142 1283 Die
1165 1250 1565 1289 Annoncen-Administration
1603 1252 1709 1291 rechnet
1745 1263 1792 1287 um
1831 1256 1858 1292 so

1021 1292 1128 1331 sicherer
1152 1295 1202 1334 auf
1225 1295 1267 1328 die
1292 1295 1424 1337 allseitige
1447 1298 1653 1339 Unterstützung
1677 1299 1725 1330 des
1740 1299 1857 1338 verehrl.

1019 1337 1190 1377 Publikums
1213 1343 1268 1372 von
1292 1340 1396 1379 Zürich
1418 1341 1475 1373 und
1496 1342 1730 1382 Ausgemeinden,
1754 1348 1800 1376 als
1817 1345 1858 1376 die

1025 1382 1118 1419 „Neue
1142 1383 1419 1424 Zürcher-Zeitung"
1447 1385 1549 1426 infolge
1572 1387 1647 1425 ihrer
1669 1388 1770 1426 starken
1787 1388 1857 1421 Ver¬

1020 1425 1149 1469 breitung
1173 1428 1202 1461 in
1226 1428 1301 1461 allen
1324 1430 1657 1471 Bevölkerungsschichten
1681 1431 1801 1472 ohnehin
1815 1433 1858 1466 ein

1019 1479 1090 1511 ganz
1113 1473 1347 1513 ausgezeichnetes
1371 1475 1427 1507 und
1450 1474 1578 1508 beliebtes
1601 1475 1858 1518 Insertionsorgan

1019 1514 1062 1554 ist,
1086 1517 1144 1549 und
1153 1517 1286 1554 Inserate
1309 1518 1339 1550 in
1363 1518 1494 1556 derselben
1507 1520 1777 1562 erfahrungsgemäß
1793 1528 1858 1554 vom

1019 1559 1106 1600 besten
1129 1560 1228 1603 Erfolg
1251 1562 1378 1603 begleitet
1399 1563 1465 1603 sind.

1058 1643 1173 1697 Verlag
1201 1646 1261 1688 und
1294 1644 1725 1697 Annoncen-Administration
1755 1650 1807 1692 der

1226 1707 1329 1758 Neuen
1361 1708 1641 1762 Zürcher-Zeitung.

1014 1824 1088 1875 Dies
1114 1828 1176 1869 und
1204 1826 1302 1876 Jenes
1330 1838 1388 1871 aus
1415 1832 1465 1872 der
1491 1831 1852 1884 Bundesversammlung.

1079 1866 1143 1898 Wie
1166 1867 1270 1907 gestern
1292 1877 1325 1907 zu
1348 1865 1500 1909 befürchten
1531 1871 1619 1909 stand,
1651 1869 1701 1911 hat
1724 1871 1770 1904 der
1794 1873 1854 1905 Na¬

1013 1910 1170 1950 tionalrath
1194 1914 1224 1944 es
1247 1911 1422 1953 abgewiesen,
1446 1914 1495 1955 auf
1511 1915 1600 1954 seinen
1613 1915 1749 1954 Beschluß
1762 1924 1854 1957 wegen

1013 1955 1061 1987 des
1095 1954 1186 1998 Sitzes
1220 1956 1268 1989 des
1305 1957 1554 1996 Landesmuseums
1591 1961 1851 1999 zurückzukommen.

1013 1998 1069 2031 Die
1091 1999 1181 2039 Sache
1204 1999 1289 2034 bleibt
1321 2002 1402 2040 somit
1431 2003 1481 2042 auf
1515 2003 1557 2036 die
1594 2003 1853 2045 Frühjahrssession

1012 2043 1179 2083 verschoben,
1202 2045 1297 2084 welche
1320 2047 1395 2079 Ende
1410 2047 1496 2087 März
1519 2048 1655 2089 beginnen
1678 2049 1738 2088 soll.
1784 2050 1852 2089 Also

1013 2087 1056 2120 ein
1079 2093 1180 2129 ganzes
1203 2090 1375 2130 Vierteljahr
1407 2092 1474 2131 lang
1504 2092 1594 2131 haben
1628 2093 1670 2125 die
1705 2094 1854 2128 Bewerber

1012 2131 1110 2165 wieder
1132 2133 1207 2173 Zeit,
1230 2135 1297 2172 nach
1320 2135 1380 2167 dem
1403 2135 1467 2174 Ziel
1500 2146 1533 2176 zu
1556 2137 1668 2176 streben.
1716 2139 1757 2171 Es
1780 2145 1851 2176 war,

1012 2176 1064 2209 wie
1086 2177 1139 2210 wir
1161 2178 1238 2216 schon
1260 2178 1359 2218 früher
1379 2181 1481 2220 gesagt,
1502 2182 1554 2213 wie
1581 2181 1623 2214 bei
1647 2182 1735 2215 einem
1761 2183 1852 2216 Wett¬

1012 2230 1124 2254 rennen.
1169 2222 1225 2255 Ein
1240 2223 1327 2263 Pferd
1343 2230 1403 2256 war
1426 2229 1533 2257 voraus
1556 2227 1614 2259 und
1637 2227 1672 2259 da
1697 2236 1763 2260 man
1785 2228 1852 2261 das¬

1010 2265 1080 2303 selbe
1102 2266 1175 2304 nicht
1198 2267 1245 2299 als
1269 2267 1370 2307 Sieger
1393 2269 1528 2308 ausrufen
1550 2270 1653 2306 wollte,
1688 2273 1782 2305 wurde
1806 2273 1852 2305 der

1010 2309 1182 2350 Wettkampf
1205 2311 1354 2352 eingestellt
1376 2314 1432 2346 und
1456 2313 1499 2346 ein
1532 2319 1616 2347 neues
1641 2316 1756 2348 Rennen
1779 2318 1851 2350 wird

1010 2355 1208 2394 veranstaltet:
1233 2357 1260 2388 d.
1282 2356 1311 2396 h.
1334 2357 1395 2398 jetzt
1417 2358 1480 2398 geht
1502 2359 1547 2391 der
1562 2359 1660 2392 Markt
1683 2361 1782 2393 wieder
1794 2363 1849 2394 los.

1010 2397 1086 2432 Was
1118 2399 1197 2432 dabei
1228 2401 1455 2440 herauskommen
1488 2403 1567 2438 wird,
1603 2411 1658 2436 wer
1693 2406 1763 2438 kann
1797 2406 1850 2439 das

1010 2444 1226 2484 voraussagen?
1273 2445 1358 2478 Denn
1386 2446 1414 2485 so
1442 2447 1604 2487 unpolitisch
1638 2449 1692 2482 das
1726 2449 1848 2484 Landes¬

1011 2488 1134 2526 museum
1159 2489 1224 2528 auch
1248 2489 1290 2529 ist,
1325 2490 1352 2529 so
1385 2490 1466 2530 spielt
1500 2492 1564 2530 auch
1600 2492 1658 2531 hier
1681 2494 1722 2526 die
1744 2493 1850 2535 Politik

1011 2531 1070 2564 eine
1091 2533 1183 2565 Rolle.
1229 2534 1276 2566 So
1300 2535 1370 2567 wird
1391 2544 1415 2575 z.
1439 2535 1477 2568 B.
1502 2535 1658 2576 behauptet,
1683 2542 1712 2570 es
1733 2539 1769 2577 sei
1791 2549 1849 2572 nur

1010 2576 1064 2609 mit
1086 2577 1220 2618 Rücksicht
1244 2579 1294 2617 auf
1317 2579 1359 2611 die
1374 2579 1543 2620 Freiburger
1565 2582 1712 2621 geschehen,
1735 2584 1790 2622 daß
1806 2584 1849 2617 die

1010 2621 1149 2659 durchaus
1171 2623 1353 2662 zweifelhafte
1374 2623 1464 2663 Wahl
1486 2625 1619 2664 Pythons
1642 2626 1680 2658 im
1697 2628 1849 2661 National¬

1008 2666 1087 2705 rathe
1111 2667 1202 2707 gültig
1225 2668 1324 2699 erklärt
1340 2670 1449 2700 worden
1461 2669 1505 2705 sei.
1536 2670 1679 2709 Politische
1691 2671 1846 2710 Konstella¬

1008 2709 1103 2742 tionen
1127 2712 1183 2743 und
1205 2711 1445 2754 Versprechungen
1467 2714 1603 2754 künftiger
1615 2715 1713 2748 Gaben
1732 2717 1845 2756 dürften

1009 2754 1075 2793 auch
1087 2755 1178 2793 später
1186 2755 1285 2788 wieder
1295 2757 1370 2796 mehr
1377 2757 1424 2790 ins
1434 2756 1554 2797 Gewicht
1561 2759 1657 2799 fallen,
1670 2761 1716 2792 als
1728 2761 1769 2793 die
1776 2761 1847 2801 fach¬

1007 2798 1093 2837 lichen
1105 2798 1233 2837 Gründe,
1253 2800 1296 2833 die
1315 2801 1364 2841 für
1382 2801 1450 2840 diese
1464 2803 1529 2835 oder
1540 2803 1598 2842 jene
1609 2803 1700 2836 Stadt
1713 2805 1845 2844 sprechen.

1006 2843 1110 2883 Zürich
1145 2844 1194 2884 hat
1217 2845 1329 2885 gethan,
1354 2850 1415 2878 was
1451 2850 1479 2878 es
1502 2847 1573 2888 thun
1596 2849 1701 2885 konnte,
1727 2858 1775 2883 um
1799 2851 1846 2883 der

1006 2886 1080 2927 Ehre
1113 2888 1162 2920 des
1183 2888 1274 2931 Sitzes
1308 2891 1463 2931 gewürdigt
1484 2900 1518 2931 zu
1540 2893 1648 2924 werden
1680 2894 1736 2926 und
1759 2898 1789 2926 es
1812 2895 1845 2934 ist

1006 2931 1096 2964 reiner
1120 2933 1200 2969 Neid,
1236 2934 1298 2973 dieß
1320 2936 1368 2967 als
1395 2937 1557 2976 unwürdige
1580 2938 1707 2969 Reklame
1741 2943 1843 2978 auszu¬

1004 2976 1091 3015 legen.
1129 2978 1293 3018 Diejenigen
1308 2979 1446 3014 Männer,
1468 2980 1510 3012 die
1532 2981 1585 3013 mit
1599 2982 1843 3024 uneigennütziger,

1006 3020 1091 3060 höchst
1125 3023 1410 3062 verdankenswerther
1432 3024 1560 3065 Hingabe
1594 3026 1641 3064 für
1663 3027 1764 3065 Zürich
1798 3037 1843 3068 ge¬

1005 3065 1122 3097 arbeitet
1144 3066 1246 3105 haben,
1267 3068 1367 3107 dürfen
1390 3069 1442 3100 mit
1465 3068 1677 3111 Genugthuung
1711 3073 1761 3110 auf
1783 3073 1844 3111 ihre

1004 3108 1162 3149 Thätigkeit
1184 3111 1383 3149 zurückblicken,
1407 3112 1501 3152 welche
1524 3114 1596 3154 nicht
1618 3116 1699 3147 darin
1722 3115 1841 3155 bestand,

1003 3153 1045 3184 die
1068 3154 1210 3195 Angebote
1244 3157 1358 3188 anderer
1380 3156 1484 3190 Städte
1517 3167 1552 3197 zu
1585 3159 1750 3193 verkleinern
1783 3162 1842 3194 und

1003 3197 1209 3239 herabzusetzen,
1233 3201 1348 3238 sondern
1381 3200 1447 3241 bloß
1470 3203 1563 3238 darin,
1600 3203 1748 3244 diejenigen
1771 3205 1841 3245 sach¬

1001 3242 1086 3280 lichen
1104 3242 1220 3277 Gründe
1244 3244 1461 3285 hervorzuheben
1484 3248 1542 3279 und
1564 3248 1631 3287 nach
1654 3249 1727 3281 allen
1739 3248 1841 3283 Seiten

1000 3295 1032 3323 zu
1058 3286 1219 3325 beleuchten,
1243 3289 1339 3327 welche
1361 3299 1420 3322 nun
1443 3291 1548 3323 einmal
1570 3292 1768 3332 unbestreitbar
1792 3294 1841 3334 für

1000 3330 1104 3369 Zürich
1127 3332 1259 3370 sprechen.
1304 3334 1386 3371 Diese
1408 3334 1527 3368 Gründe
1559 3335 1680 3375 bestehen
1702 3337 1759 3375 fort
1781 3339 1840 3371 und

1000 3375 1104 3406 können
1127 3376 1199 3413 nicht
1222 3377 1417 3418 abgeschwächt
1450 3381 1567 3417 werden,
1591 3381 1667 3420 selbst
1693 3389 1773 3415 wenn
1796 3383 1838 3415 die

999 3420 1106 3451 andern
1128 3421 1233 3454 Städte
1255 3422 1303 3460 für
1326 3422 1385 3462 ihre
1403 3424 1581 3466 Bewerbung
1602 3425 1667 3464 noch
1690 3426 1839 3459 bedeutend

999 3464 1076 3501 mehr
1115 3466 1185 3502 thun
1209 3465 1316 3504 sollten,
1353 3468 1399 3500 als
1422 3469 1456 3507 sie
1489 3469 1564 3508 schon
1601 3469 1702 3509 gethan
1737 3470 1835 3510 haben.

997 3507 1099 3547 Hoffen
1129 3510 1192 3543 wir,
1216 3510 1272 3549 daß
1294 3511 1330 3549 sie
1362 3512 1429 3551 auch
1451 3513 1491 3545 im
1513 3512 1658 3553 Frühjahr
1691 3514 1761 3555 noch
1784 3516 1838 3549 mit

997 3552 1111 3592 ruhiger
1133 3554 1316 3593 Objektivität
1339 3557 1491 3598 gewürdigt
1513 3559 1635 3590 werden!

1061 3599 1118 3636 Im
1141 3600 1256 3640 Großen
1278 3602 1336 3633 und
1358 3602 1473 3642 Ganzen
1495 3603 1544 3643 hat
1567 3604 1610 3636 die
1632 3605 1697 3645 erste
1719 3605 1835 3646 Session

996 3643 1043 3674 der
1066 3652 1153 3676 neuen
1177 3644 1497 3686 Gesetzgebungsperiode
1528 3649 1615 3688 außer
1637 3650 1697 3682 dem
1720 3650 1834 3691 Budget

994 3688 1053 3718 und
1076 3688 1127 3720 den
1150 3689 1325 3728 Neuwahlen
1347 3691 1419 3729 nicht
1440 3691 1495 3724 viel
1517 3702 1551 3732 zu
1562 3692 1676 3726 Stande
1698 3693 1832 3734 gebracht.

993 3729 1167 3770 Interessant
1191 3734 1223 3771 ist
1247 3735 1280 3770 sie
1303 3734 1368 3767 aber
1391 3737 1518 3775 dadurch,
1541 3737 1596 3777 daß
1609 3738 1680 3771 keine
1695 3739 1833 3778 Tessiner¬

992 3772 1099 3806 debatte
1136 3777 1339 3817 stattgefunden
1374 3779 1433 3819 hat,
1471 3781 1514 3813 die
1549 3781 1621 3821 sonst
1654 3783 1700 3815 nie
1736 3783 1828 3823 fehlen

992 3817 1093 3855 durfte,
1139 3823 1305 3859 namentlich
1349 3824 1420 3862 nicht
1442 3825 1524 3858 direkt
1562 3827 1626 3865 nach
1665 3829 1715 3859 den
1749 3829 1825 3860 Neu¬

990 3862 1111 3900 wahlen.
1168 3864 1303 3898 Diesmal
1338 3868 1371 3904 ist
1404 3878 1464 3901 nun
1497 3879 1581 3910 gegen
1614 3871 1686 3903 keine
1708 3872 1832 3912 Tessiner

990 3905 1290 3947 Nationalrathswahl
1313 3911 1420 3944 Rekurs
1443 3914 1602 3954 angehoben
1625 3916 1736 3948 worden
1771 3918 1828 3949 und

1902 1089 1936 1122 da
1960 1090 2026 1129 nach
2048 1091 2098 1123 den
2122 1090 2263 1124 Stürmen
2287 1092 2335 1125 des
2357 1092 2444 1134 letzten
2468 1095 2597 1136 Herbstes
2609 1096 2640 1130 in
2653 1097 2738 1138 jenem

1902 1133 2017 1167 Kanton
2040 1135 2098 1167 eine
2122 1135 2241 1173 leidliche
2264 1137 2345 1176 Ruhe
2370 1139 2539 1179 eingetreten,
2576 1142 2601 1179 so
2626 1143 2739 1182 glaubte

1902 1178 1943 1211 die
1965 1179 2302 1222 Bundesversammlung,
2326 1182 2368 1215 die
2389 1185 2492 1219 neueste
2514 1185 2658 1227 Botschaft
2691 1188 2738 1221 des

1902 1223 2117 1262 Bundesrathes
2156 1224 2224 1257 über
2264 1226 2306 1258 die
2336 1227 2458 1268 Tessiner
2492 1230 2739 1271 Angelegenheiten

1901 1268 1952 1307 auf
1975 1268 2077 1305 nächste
2099 1268 2212 1309 Session
2235 1271 2399 1310 verschieben
2423 1281 2456 1311 zu
2469 1274 2575 1313 dürfen.
2622 1276 2677 1310 Sie
2690 1276 2737 1316 hat

1902 1312 1989 1344 damit
2013 1312 2095 1351 Recht
2119 1314 2229 1354 gethan.
2287 1315 2381 1348 Sollte
2416 1316 2457 1350 die
2481 1318 2667 1362 Beruhigung
2698 1321 2737 1354 im

1901 1356 1993 1397 Tessin
2017 1357 2124 1390 weitere
2146 1358 2322 1397 Fortschritte
2348 1361 2466 1398 machen,
2497 1363 2537 1394 die
2560 1364 2683 1404 Wahlen
2707 1366 2737 1399 in

1901 1401 1950 1433 den
1989 1401 2241 1443 Verfassungsrath
2282 1405 2335 1437 und
2377 1406 2462 1445 dessen
2500 1407 2737 1452 Verhandlungen

1901 1445 1984 1486 ruhig
2008 1447 2064 1478 und
2088 1447 2196 1488 sachlich
2233 1454 2285 1481 vor
2318 1449 2366 1488 sich
2404 1450 2498 1490 gehen,
2531 1452 2558 1490 so
2593 1454 2663 1487 wird
2695 1455 2736 1488 die

1901 1489 2228 1532 Bundesversammlung
2251 1493 2325 1526 dann
2351 1503 2398 1527 um
2421 1495 2447 1533 so
2472 1496 2532 1534 eher
2547 1499 2655 1539 geneigt
2670 1499 2735 1537 sein,

1901 1533 2036 1575 bezüglich
2060 1535 2106 1567 der
2128 1536 2266 1577 Amnestie
2301 1538 2357 1570 und
2391 1540 2437 1571 der
2459 1540 2735 1584 Okkupationskosten

1902 1578 1979 1611 einen
2002 1579 2202 1619 versöhnlichen
2225 1582 2360 1622 Beschluß
2381 1593 2415 1623 zu
2438 1584 2530 1625 fassen.

1966 1620 2022 1653 Die
2045 1621 2312 1664 Budgetberathung
2346 1625 2427 1665 zeigte
2462 1627 2545 1665 dieses
2574 1628 2653 1669 Jahr
2683 1631 2734 1663 das

1901 1665 1998 1703 gleiche
2021 1666 2101 1700 Bild,
2135 1667 2186 1697 wie
2210 1668 2251 1699 die
2276 1668 2410 1706 frühern:
2447 1669 2541 1710 Große
2566 1673 2735 1715 Besorgnisse

1900 1717 1991 1749 wegen
2015 1712 2062 1742 des
2085 1710 2214 1751 Defizits,
2251 1712 2312 1748 doch
2346 1715 2396 1745 mit
2427 1714 2474 1748 der
2495 1715 2634 1755 geheimen
2656 1718 2734 1759 Hoff¬

1901 1762 1988 1794 nung,
2019 1755 2074 1792 daß
2097 1755 2137 1787 die
2161 1755 2405 1798 Staatsrechnung
2435 1760 2533 1792 wieder
2568 1762 2618 1793 wie
2643 1762 2735 1803 bisher

1901 1797 1978 1830 einen
2009 1800 2181 1838 erklecklichen
2216 1801 2381 1842 Ueberschuß
2414 1813 2450 1834 an
2484 1804 2659 1845 Einnahmen
2695 1818 2733 1840 er¬

1899 1842 1983 1882 geben
2016 1844 2113 1876 werde.
2170 1844 2237 1884 Daß
2277 1846 2318 1878 ein
2355 1847 2489 1887 Mitglied
2526 1850 2573 1881 der
2611 1851 2733 1890 Budget¬

1900 1887 2080 1925 kommission,
2117 1890 2163 1920 der
2186 1889 2367 1927 konservative
2389 1892 2522 1931 Luzerner
2545 1895 2733 1936 Hochstraßer,

1899 1930 1997 1969 seinem
2010 1931 2158 1972 Ingrimm
2183 1934 2249 1966 über
2274 1935 2314 1967 die
2337 1935 2544 1979 Zurücksetzung
2569 1942 2614 1971 der
2639 1941 2734 1974 Linken

1898 1974 1941 2008 bei
1963 1977 2009 2009 der
2032 1977 2310 2019 Bundesrathswahl
2335 1981 2415 2019 durch
2438 1983 2583 2024 gewaltige
2598 1984 2734 2025 Abstriche

1899 2020 1929 2053 in
1952 2020 2048 2058 diesem
2072 2024 2127 2054 und
2143 2022 2230 2060 jenem
2246 2023 2469 2063 Departemente,
2493 2028 2659 2068 namentlich
2671 2030 2734 2063 aber

1898 2065 1964 2103 auch
1987 2064 2029 2098 bei
2053 2066 2103 2099 den
2115 2067 2318 2108 Besoldungen,
2343 2069 2407 2108 Luft
2423 2072 2534 2110 machte,
2559 2073 2634 2111 hatte
2646 2075 2734 2108 keinen

1898 2109 2005 2149 Erfolg.
2052 2110 2231 2152 Hochstraßer
2252 2112 2330 2152 selbst
2353 2114 2400 2154 sah
2428 2115 2481 2148 das
2504 2117 2626 2158 Nutzlose
2648 2119 2734 2157 seines

1897 2154 2118 2194 Unternehmens
2140 2155 2205 2189 bald
2230 2157 2285 2194 ein,
2307 2157 2452 2196 besonders
2475 2161 2509 2192 da
2533 2161 2602 2200 seine
2623 2163 2734 2202 Partei¬

1896 2199 2019 2239 genossen
2043 2199 2103 2238 ihm
2125 2200 2175 2239 auf
2197 2201 2293 2238 diesem
2303 2203 2389 2244 Wege
2413 2204 2484 2243 nicht
2495 2205 2588 2247 folgen
2611 2208 2733 2241 wollten.

1895 2242 1965 2276 Wer
1990 2242 2059 2283 ohne
2082 2252 2214 2285 genauere
2226 2247 2432 2288 Untersuchung
2456 2251 2512 2282 und
2535 2251 2604 2290 ohne
2629 2252 2734 2293 jegliche

1895 2287 2091 2328 Begründung
2113 2289 2151 2321 im
2175 2289 2287 2331 Budget
2320 2291 2533 2333 herumwüthet,
2568 2296 2621 2327 wie
2654 2305 2734 2329 wenn

1895 2331 1939 2364 ein
1961 2332 2041 2364 Wild
2065 2333 2095 2365 in
2118 2334 2194 2367 einen
2228 2336 2457 2378 wohlgepflegten
2480 2338 2588 2372 Garten
2628 2342 2732 2382 geräth,

1895 2376 1941 2408 der
1965 2377 2032 2417 muß
2055 2378 2205 2418 gegenüber
2229 2380 2280 2413 den
2309 2381 2476 2420 Fachleuten
2509 2385 2650 2425 natürlich
2683 2387 2733 2420 den

1894 2420 2034 2460 Kürzeren
2059 2422 2169 2462 ziehen;
2193 2424 2239 2456 der
2261 2424 2342 2463 Zorn
2365 2427 2397 2465 ist
2429 2427 2587 2467 überhaupt
2611 2430 2656 2462 nie
2690 2431 2733 2464 ein

1893 2467 1974 2504 guter
2018 2466 2194 2507 Rathgeber,
2239 2468 2423 2510 absonderlich
2469 2472 2541 2511 nicht
2584 2474 2616 2505 in
2661 2475 2733 2514 poli¬

1893 2509 1989 2549 tischen
2018 2510 2142 2551 Dingen.
2189 2512 2244 2546 Die
2278 2514 2403 2556 Anträge
2437 2517 2488 2556 auf
2521 2517 2660 2557 Abstriche
2693 2520 2731 2553 im

1892 2554 2005 2594 Budget
2031 2554 2150 2588 bildeten
2186 2557 2257 2589 denn
2279 2558 2346 2596 auch
2382 2569 2439 2592 nur
2476 2561 2520 2593 ein
2543 2562 2730 2604 Intermezzo,

1892 2598 1945 2630 das
1989 2604 2045 2631 von
2090 2600 2227 2633 Niemand
2284 2604 2353 2641 ernst
2409 2613 2572 2644 genommen
2628 2612 2729 2642 wurde.

1891 2642 2024 2683 Dagegen
2048 2645 2137 2685 drang
2168 2646 2214 2677 der
2247 2646 2359 2689 Antrag
2392 2649 2439 2681 der
2472 2650 2732 2686 Arbeitervertreter

1892 2688 1942 2726 auf
1965 2687 2121 2729 Erhöhung
2144 2690 2191 2722 des
2214 2691 2458 2732 Ausgabepostens
2481 2695 2529 2733 für
2552 2697 2604 2728 das
2628 2697 2731 2736 schwei¬

1890 2732 1999 2770 zerische
2009 2732 2293 2773 Arbeitersekretariat
2314 2742 2370 2770 von
2396 2739 2512 2775 10,000
2537 2741 2587 2780 auf
2612 2743 2730 2778 20.000

1891 2776 2016 2813 Franken
2042 2778 2133 2817 durch,
2157 2779 2286 2818 während
2308 2782 2355 2812 der
2377 2782 2564 2824 Bundesrath
2587 2787 2730 2829 vorläufig

1889 2829 1946 2852 nur
1974 2822 2090 2857 15,000
2113 2822 2237 2860 Franken
2261 2824 2417 2866 bewilligen
2440 2829 2542 2861 wollte.
2570 2830 2613 2862 Es
2635 2833 2729 2865 wurde

1889 2864 1956 2904 diese
1979 2865 2133 2907 Erhöhung
2156 2867 2354 2908 hauptsächlich
2377 2872 2467 2904 damit
2489 2873 2650 2914 begründet,
2674 2877 2729 2915 daß

1889 2909 1933 2941 ein
1956 2910 2144 2950 französischer
2174 2912 2293 2952 Adjunkt
2327 2915 2470 2955 angestellt
2501 2919 2611 2951 werden
2644 2921 2728 2961 müsse

1889 2954 1946 2986 und
1970 2955 2024 2994 daß
2049 2955 2095 2994 für
2118 2956 2160 2987 die
2182 2957 2367 2992 Vorarbeiten
2402 2969 2453 2999 zur
2486 2962 2727 3003 sozialpolitischen

1888 2997 2086 3039 Gesetzgebung
2107 3001 2161 3032 das
2182 3001 2466 3041 Arbeitersekretariat
2488 3007 2587 3039 immer
2603 3009 2681 3048 mehr
2695 3010 2728 3043 in

1887 3042 2029 3081 Anspruch
2054 3053 2213 3084 genommen
2237 3048 2324 3079 werde
2348 3050 2405 3081 und
2430 3051 2530 3082 darum
2554 3061 2621 3085 neue
2633 3054 2726 3093 Hilfs¬

1885 3087 1972 3126 kräfte
1994 3087 2173 3128 heranziehen
2196 3091 2289 3130 müsse.
2343 3093 2406 3126 Uns
2429 3094 2527 3134 scheint
2549 3097 2592 3129 die
2614 3097 2725 3139 Erhöh¬

1886 3140 1944 3172 ung
1967 3132 2044 3167 wohl
2066 3132 2224 3173 begründet,
2262 3136 2354 3174 ebenso
2385 3138 2429 3170 ein
2453 3140 2567 3172 anderer
2590 3141 2726 3183 Beschluß

1884 3176 1932 3208 der
1954 3175 2290 3221 Bundesversammlung,
2315 3182 2361 3213 der
2384 3191 2455 3223 ganz
2476 3194 2510 3223 zu
2530 3185 2658 3227 allerletzt
2681 3196 2726 3227 ge¬

1884 3220 1947 3260 faßt
1971 3222 2075 3256 wurde,
2111 3223 2179 3261 ohne
2202 3224 2257 3262 daß
2280 3235 2308 3256 er
2332 3225 2489 3264 besonderes
2512 3229 2650 3270 Aufsehen
2684 3242 2725 3265 er¬

1883 3267 1944 3305 regt
1966 3265 2051 3305 hätte.
2097 3268 2161 3299 Und
2182 3268 2245 3306 doch
2268 3270 2300 3308 ist
2324 3270 2407 3309 dieser
2428 3272 2564 3313 Beschluß
2578 3280 2636 3307 von
2648 3277 2725 3309 weit¬

1884 3310 2031 3349 tragender
2054 3310 2227 3352 Bedeutung.
2285 3314 2327 3346 Es
2362 3316 2447 3353 sollen
2470 3319 2590 3356 nämlich
2619 3321 2725 3362 künftig

1882 3352 1938 3385 alle
1961 3354 2104 3387 Soldaten
2126 3356 2173 3394 für
2195 3358 2246 3389 den
2259 3357 2465 3400 Militärdienst
2484 3362 2536 3402 auf
2548 3363 2603 3396 alle
2611 3365 2725 3404 Unfälle

1882 3396 1932 3436 hin
1954 3399 2095 3438 versichert
2117 3401 2224 3433 werden
2260 3403 2316 3434 und
2350 3404 2392 3437 die
2420 3405 2724 3449 Versicherungskosten

1882 3443 1960 3482 trägt
1982 3442 2030 3475 der
2053 3444 2147 3476 Bund.

1948 3488 2037 3521 Ueber
2060 3490 2112 3522 das
2135 3492 2431 3537 Auslieferungsgesetz
2465 3498 2522 3530 und
2557 3499 2599 3531 die
2623 3501 2724 3535 Volks¬

1885 3532 2026 3566 initiative
2049 3534 2080 3566 in
2101 3535 2529 3581 Verfassungsangelegenheiten
2550 3546 2660 3577 werden
2670 3546 2725 3579 wir

1886 3578 1950 3616 noch
1974 3578 2014 3616 oft
2038 3588 2071 3618 zu
2094 3579 2215 3619 sprechen
2239 3582 2349 3623 haben;
2384 3585 2459 3624 jenes
2483 3587 2568 3628 Gesetz
2603 3589 2636 3628 ist
2659 3590 2724 3629 noch

1880 3621 1952 3659 nicht
1986 3623 2108 3662 erledigt,
2143 3625 2179 3656 da
2215 3626 2342 3666 zwischen
2374 3629 2470 3662 beiden
2506 3632 2621 3671 Räthen
2657 3635 2724 3674 noch

1882 3665 2055 3706 Differenzen
2079 3667 2208 3708 bestehen,
2232 3672 2328 3711 welche
2357 3674 2407 3713 erst
2432 3674 2461 3707 in
2484 3675 2558 3708 einer
2581 3678 2723 3719 künftigen

1878 3709 1991 3749 Session
2026 3712 2140 3753 erledigt
2174 3715 2283 3748 werden
2317 3716 2410 3755 sollen.
2457 3721 2524 3753 Das
2546 3721 2657 3762 Gleiche
2688 3724 2723 3764 ist

1879 3754 1924 3786 der
1959 3755 2027 3792 Fall
2060 3757 2112 3788 mit
2147 3758 2193 3790 der
2229 3760 2353 3801 Vorlage
2382 3762 2450 3795 über
2473 3765 2515 3797 die
2538 3766 2721 3808 Einführung

1877 3798 1924 3830 der
1945 3799 2111 3836 Initiative.
2159 3802 2229 3842 Hier
2263 3804 2295 3844 ist
2318 3806 2359 3838 die
2383 3807 2522 3848 Differenz
2557 3811 2618 3850 sehr
2639 3812 2718 3852 groß.

1941 3838 2086 3878 Während
2098 3842 2145 3873 der
2157 3842 2361 3885 Nationalrath
2385 3847 2470 3883 seiner
2481 3848 2546 3886 Zeit
2562 3849 2718 3891 beschlossen

1875 3881 1961 3920 hatte,
1999 3883 2056 3922 daß
2092 3886 2146 3917 das
2175 3886 2249 3920 Volk
2284 3890 2343 3921 eine
2364 3891 2532 3933 Aenderung
2572 3896 2619 3927 der
2642 3896 2713 3928 Ver¬

1875 3926 1984 3967 fassung
2019 3937 2075 3960 nur
2097 3930 2127 3961 in
2161 3931 2235 3964 einer
2257 3932 2408 3974 Anregung
2452 3937 2601 3978 verlangen
2625 3940 2717 3976 könne,

2787 1112 2880 1149 welche
2903 1114 2977 1147 dann
3001 1116 3043 1148 die
3067 1115 3393 1161 Bundesversammlung
3421 1120 3451 1155 in
3474 1121 3626 1160 bestimmte

2787 1156 2891 1189 Artikel
2914 1168 2947 1199 zu
2969 1159 3054 1201 fassen
3079 1161 3163 1201 hätte,
3187 1163 3314 1202 entschied
3344 1165 3392 1205 sich
3417 1166 3458 1199 die
3480 1167 3625 1208 Mehrheit

2787 1203 2833 1234 des
2858 1202 3051 1244 Ständeraths
3088 1207 3184 1245 dahin,
3209 1209 3263 1248 daß
3288 1210 3339 1242 das
3362 1210 3435 1244 Volk
3466 1212 3520 1246 das
3542 1213 3625 1253 Recht

2787 1246 2912 1285 erhalten
2936 1248 3009 1285 solle,
3033 1250 3196 1292 selbständig
3220 1258 3275 1285 von
3297 1253 3346 1293 sich
3377 1258 3434 1289 aus
3455 1265 3545 1296 genau
3567 1258 3626 1297 for¬

2787 1291 2901 1324 mulirte
2925 1293 3028 1326 Artikel
3058 1304 3106 1335 zur
3129 1296 3291 1337 Aufnahme
3326 1298 3355 1331 in
3381 1299 3424 1332 die
3447 1301 3625 1335 Bundesver¬

2786 1335 2896 1377 fassung
2929 1339 3100 1379 vorzulegen,
3125 1340 3194 1380 ohne
3229 1343 3284 1382 daß
3314 1343 3356 1375 die
3378 1344 3470 1384 Räthe
3506 1346 3546 1378 die
3570 1347 3627 1380 Be¬

2785 1379 2886 1420 fugniß
2910 1381 3004 1420 hätten
3028 1385 3114 1416 etwas
3132 1386 3221 1418 daran
3245 1387 3349 1420 ändern
3365 1398 3397 1427 zu
3422 1390 3528 1429 dürfen.
3564 1392 3624 1425 Der

2785 1423 2962 1465 Ständerath
2997 1428 3097 1468 möchte
3120 1429 3176 1468 also
3212 1431 3341 1472 diejenige
3363 1433 3452 1471 Form
3483 1435 3530 1467 der
3551 1435 3622 1473 Ini¬

2784 1469 2882 1501 tiative
2906 1470 3063 1511 einführen,
3096 1473 3147 1505 wie
3174 1475 3228 1507 wir
3251 1477 3285 1516 sie
3319 1477 3358 1510 im
3381 1477 3497 1511 Kanton
3520 1481 3623 1521 Zürich

2783 1513 2832 1552 für
2857 1513 3160 1557 Gesetzgebungssachen
3181 1519 3283 1558 haben.

2848 1553 2916 1586 Nun
2939 1553 2988 1593 hat
3011 1555 3060 1594 sich
3083 1556 3148 1589 aber
3175 1558 3217 1590 bei
3241 1563 3297 1592 uns
3320 1560 3431 1601 gezeigt,
3465 1562 3520 1602 daß
3553 1564 3621 1603 diese

2779 1595 2869 1635 Form
2905 1598 3043 1638 durchaus
3078 1602 3245 1643 unpraktisch
3268 1604 3310 1640 ist.
3355 1605 3423 1638 Wir
3445 1608 3566 1646 möchten
3591 1613 3622 1641 es

2780 1641 2941 1681 prinzipiell
2970 1644 3042 1683 nicht
3076 1645 3242 1685 bekämpfen,
3276 1649 3330 1688 daß
3364 1651 3424 1683 dem
3458 1652 3544 1685 Volke
3568 1653 3622 1686 das

2780 1685 2863 1723 Recht
2898 1687 3014 1727 gegeben
3049 1691 3146 1726 werde,
3182 1692 3381 1733 fertiggestellte
3419 1696 3621 1738 Verfassungs¬

2779 1730 2960 1772 änderungen
2983 1742 3033 1772 zur
3049 1733 3245 1777 Abstimmung
3269 1746 3301 1777 zu
3317 1737 3452 1780 bringen;
3476 1740 3562 1774 allein
3576 1744 3618 1776 die

2779 1774 2932 1808 Redaktion
2960 1776 3058 1813 solcher
3080 1779 3280 1822 Aenderungen
3309 1781 3390 1823 bezw.
3415 1784 3618 1828 Ergänzungen

2779 1821 2890 1855 unserer
2916 1821 3084 1863 Verfassung
3107 1824 3157 1862 soll
3180 1825 3252 1864 nicht
3275 1827 3334 1859 dem
3361 1828 3460 1868 Zufall
3491 1832 3618 1871 anheim-

2777 1865 2905 1901 gegeben,
2948 1866 3019 1903 nicht
3057 1867 3087 1900 in
3124 1868 3171 1901 der
3204 1870 3380 1910 Hinterstube
3416 1874 3510 1914 irgend
3543 1877 3620 1909 eines

2778 1908 2996 1948 Wirthshauses
3019 1917 3233 1952 vorgenommen
3245 1916 3361 1952 werden,
3385 1917 3499 1954 sondern
3520 1921 3553 1960 sie
3566 1921 3617 1958 soll

2778 1952 2823 1985 ein
2856 1954 2939 1987 Werk
2960 1954 3138 1996 eingehender
3159 1959 3328 2001 Prüfungen
3359 1963 3417 1994 und
3439 1963 3619 2004 sachverstän¬

2778 1997 2856 2038 diger
2879 1998 3008 2032 Männer
3031 2001 3094 2037 sein.
3142 2003 3205 2035 Und
3235 2005 3277 2037 die
3300 2005 3465 2047 Bürgschaft
3489 2009 3535 2045 für
3559 2010 3617 2043 eine

2777 2041 2939 2083 sorgfältige
2960 2043 3113 2079 Redaktion
3137 2047 3228 2087 erhält
3250 2058 3318 2082 man
3351 2060 3417 2088 nur,
3447 2060 3527 2086 wenn
3550 2064 3618 2087 man

2778 2088 2829 2119 den
2853 2086 2924 2128 Weg
2948 2087 3053 2125 betritt,
3077 2091 3127 2122 den
3151 2093 3230 2130 unser
3258 2093 3382 2135 früherer
3406 2095 3519 2139 Kollege
3542 2099 3615 2139 Herr

2777 2130 2853 2171 Frey
2875 2131 2967 2173 jüngst
2990 2134 3022 2165 in
3045 2135 3167 2174 unserem
3190 2137 3289 2170 Blatte
3312 2141 3452 2182 angezeigt
3475 2142 3532 2182 hat.

2850 2182 2926 2220 Zum
2949 2183 3076 2224 Schlusse
3098 2190 3212 2226 geziemt
3245 2193 3274 2221 es
3309 2190 3356 2230 sich
3378 2193 3444 2231 noch
3466 2195 3518 2232 auf
3541 2194 3620 2228 einen

2780 2226 2920 2267 Vorgang
2942 2227 3135 2268 hinzuweisen,
3157 2232 3204 2263 der
3238 2234 3391 2274 außerhalb
3426 2238 3474 2269 des
3508 2239 3619 2277 Raths¬

2780 2270 2870 2305 saales
2894 2272 3028 2309 stattfand
3067 2276 3123 2306 und
3160 2277 3213 2308 mit
3252 2279 3298 2310 der
3320 2279 3383 2318 Zeit
3418 2287 3471 2313 von
3507 2284 3619 2323 großem

2779 2314 2900 2356 Einfluß
2922 2317 2973 2356 auf
2996 2318 3039 2349 die
3051 2318 3329 2364 Parteigruppirung
3352 2325 3390 2356 im
3403 2326 3622 2369 Nationalrathe

2780 2362 2887 2391 werden
2926 2361 3032 2394 könnte.
3093 2363 3148 2397 Die
3182 2366 3273 2406 letzten
3311 2368 3621 2412 Erneuerungswahlen

2779 2403 2869 2442 haben
2892 2406 2939 2437 der
2961 2407 3107 2447 äußersten
3130 2409 3227 2442 Linken
3250 2412 3328 2444 einen
3357 2415 3521 2455 namhaften
3557 2418 3622 2456 Zu¬

2779 2449 2872 2488 wachs
2893 2450 3030 2490 gebracht,
3070 2453 3095 2489 so
3135 2454 3189 2494 daß
3223 2455 3253 2488 in
3277 2457 3356 2490 deren
3380 2459 3509 2499 Führern
3543 2462 3619 2502 wohl

2779 2493 2826 2525 der
2859 2492 2985 2527 Gedanke
3019 2497 3154 2536 entstehen
3189 2500 3299 2538 mochte,
3334 2503 3385 2535 den
3419 2505 3620 2546 demokratisch-

2778 2537 2983 2579 sozialistischen
3006 2540 3165 2574 Elementen
3201 2544 3258 2576 eine
3293 2546 3380 2587 eigene
3417 2549 3620 2590 Organisation

2777 2591 2812 2621 zu
2835 2582 2928 2622 geben.
2963 2584 3005 2617 Es
3018 2585 3052 2623 ist
3063 2587 3093 2619 in
3116 2587 3167 2621 den
3178 2589 3270 2629 letzten
3280 2590 3393 2631 Jahren
3403 2594 3512 2632 manche
3526 2596 3620 2637 Frage

2778 2626 2818 2659 im
2831 2627 2928 2669 Rathe
2928 2627 3079 2669 behandelt
3094 2633 3217 2669 worden,
3230 2635 3324 2673 welche
3340 2646 3372 2676 zu
3378 2637 3451 2670 einer
3464 2639 3619 2681 Trennung

2776 2670 2860 2710 dieser
2882 2672 3026 2707 Elemente
3033 2680 3088 2708 von
3096 2677 3144 2708 der
3151 2677 3334 2719 Hauptmasse
3342 2683 3388 2713 der
3397 2682 3497 2722 Partei
3514 2684 3615 2724 führte.

2776 2715 2844 2749 Das
2877 2724 2938 2749 war
2971 2721 3137 2759 namentlich
3161 2723 3204 2754 bei
3238 2724 3312 2757 allen
3346 2726 3425 2765 jenen
3447 2728 3618 2769 Angelegen¬

2776 2760 2867 2799 heiten
2889 2763 2936 2794 der
2959 2763 3038 2801 Fall,
3072 2766 3167 2805 welche
3190 2767 3233 2799 die
3263 2769 3480 2804 internationale
3502 2774 3617 2813 Sozial¬

2776 2805 2938 2838 demokratie
2961 2806 3102 2849 betrafen;
3129 2814 3157 2843 es
3180 2812 3264 2852 zeigte
3286 2813 3335 2854 sich
3357 2815 3420 2855 dieß
3432 2817 3498 2855 auch
3520 2819 3620 2852 wieder

2774 2848 2849 2881 beim
2870 2851 3190 2896 Auslieferungsgesetze,
3226 2865 3310 2898 gegen
3343 2860 3396 2892 das
3430 2861 3479 2901 sich
3513 2863 3556 2895 die
3578 2863 3619 2901 so¬

2774 2893 2949 2934 zialistischen
2972 2896 3138 2937 Mitglieder
3163 2908 3257 2941 wegen
3280 2902 3364 2944 dessen
3389 2904 3538 2939 bekannten
3561 2908 3616 2941 Ar¬

2773 2938 2837 2971 tikel
2861 2940 2901 2970 10
2926 2942 3058 2982 energisch
3078 2943 3210 2983 wehrten.

2841 2983 2902 3016 Der
2925 2985 2988 3025 erste
3012 2987 3123 3027 Anlauf
3145 2997 3194 3029 zur
3210 2990 3339 3033 Bildung
3361 2994 3436 3027 einer
3452 2995 3614 3032 besonderen

2774 3026 2904 3066 Gruppe,
2934 3031 3032 3070 welche
3054 3032 3102 3071 sich
3126 3033 3245 3074 indessen
3277 3042 3333 3070 von
3354 3039 3401 3070 der
3424 3040 3520 3073 Linken
3544 3041 3618 3082 nicht

2773 3073 2898 3112 gänzlich
2921 3074 3084 3112 abtrennen,
3120 3078 3234 3115 sondern
3269 3081 3330 3120 eher
3360 3083 3437 3116 einen
3459 3084 3551 3118 Staat
3575 3086 3615 3118 im

2773 3115 2883 3149 Staate
2904 3118 2999 3152 bilden
3032 3121 3135 3157 wollte,
3170 3124 3299 3165 mißlang
3333 3127 3429 3167 jedoch.
3474 3129 3614 3169 Offenbar

2772 3160 2851 3199 hatte
2875 3171 2942 3194 man
2966 3164 3019 3196 das
3044 3164 3159 3206 Gefühl,
3195 3168 3250 3207 daß
3284 3170 3325 3203 die
3348 3171 3464 3210 Gruppe
3489 3174 3538 3214 sich
3561 3176 3616 3208 mit

2771 3205 2820 3237 der
2841 3206 2907 3244 Zeit
2928 3213 2984 3240 von
3007 3210 3054 3241 der
3064 3211 3257 3250 Hauptpartei
3279 3214 3341 3252 doch
3360 3216 3527 3259 vollständig
3554 3220 3616 3253 los¬

2771 3251 2889 3283 trennen
2912 3254 3020 3289 würde,
3045 3255 3096 3287 wie
3119 3256 3171 3288 das
3195 3257 3238 3290 die
3272 3259 3464 3301 „Ostschweiz"
3502 3264 3533 3296 in
3556 3264 3617 3297 dem

2771 3294 2857 3327 Bilde
2879 3301 2935 3328 von
2957 3297 3005 3329 der
3026 3298 3131 3340 jungen
3142 3299 3288 3340 Schwalbe
3312 3305 3478 3346 prophezeit,
3501 3308 3544 3340 die
3570 3318 3617 3348 zu¬

2772 3340 2824 3378 erst
2846 3339 2906 3378 ihre
2927 3340 3097 3384 Schwingen
3121 3345 3239 3383 probirt,
3262 3348 3337 3386 jeden
3358 3349 3456 3383 Abend
3496 3361 3528 3392 zu
3566 3354 3616 3386 den

2770 3383 2872 3416 Eltern
2894 3387 3068 3426 zurückkehrt,
3103 3389 3250 3430 schließlich
3272 3392 3337 3425 aber
3363 3403 3434 3435 ganz
3469 3397 3614 3431 ausbleibt

2771 3429 2830 3460 und
2851 3428 2898 3468 ihr
2920 3430 3028 3470 eigenes
3050 3432 3114 3471 Nest
3136 3432 3213 3466 baut.

2836 3474 2902 3506 Und
2922 3475 2953 3506 in
2976 3477 3023 3508 der
3045 3476 3130 3516 That,
3152 3479 3195 3511 die
3217 3478 3374 3524 Gegensätze
3403 3485 3529 3525 zwischen
3553 3488 3613 3521 dem

2770 3517 2873 3556 rechten
2887 3519 2989 3559 Flügel
3001 3521 3048 3552 der
3058 3522 3155 3561 Partei
3164 3524 3222 3555 und
3231 3524 3278 3557 der
3289 3528 3434 3567 äußersten
3446 3530 3544 3572 Linken
3544 3530 3611 3572 sind

2769 3561 2798 3599 so
2821 3562 2900 3602 groß,
2937 3564 2994 3603 daß
3031 3565 3087 3598 eine
3123 3568 3305 3610 vollständige
3340 3573 3528 3617 Abtrennung
3567 3579 3614 3610 der

2769 3606 2874 3647 letztern
2898 3617 2953 3640 nur
2976 3609 3034 3641 eine
3056 3610 3146 3651 Frage
3170 3613 3217 3644 der
3240 3614 3306 3653 Zeit
3327 3616 3384 3655 sein
3406 3619 3487 3652 wird.
3533 3621 3613 3654 Man

2768 3650 2854 3689 scheut
2876 3652 2925 3691 sich
2947 3652 3013 3685 aber
3036 3653 3126 3692 hüben
3158 3658 3218 3689 und
3247 3659 3353 3693 drüben
3388 3663 3454 3702 noch
3477 3670 3527 3697 vor
3551 3667 3611 3699 dem

2768 3695 2852 3733 ersten
2875 3695 3018 3737 Schritte;
3043 3699 3141 3731 darum
3165 3701 3217 3740 hat
3241 3713 3309 3736 man
3331 3706 3381 3745 sich
3406 3707 3536 3750 begnügt,
3565 3711 3612 3743 der

2766 3738 2865 3778 Partei
2888 3741 3064 3781 intensiveres
3076 3744 3219 3785 Eingehen
3242 3749 3294 3787 auf
3308 3750 3349 3782 die
3365 3751 3485 3792 sozialen
3497 3755 3609 3795 Fragen

2765 3791 2799 3821 zu
2824 3784 2984 3824 empfehlen.
3032 3787 3180 3828 Natürlich
3203 3790 3267 3830 hebt
3290 3793 3372 3834 dieser
3398 3796 3476 3837 Rath
3500 3799 3541 3831 die
3565 3799 3609 3832 be¬

2765 3827 2904 3866 stehenden
2927 3828 3084 3873 Gegensätze
3107 3833 3180 3872 nicht
3203 3837 3262 3876 auf.

369 4057 535 4108 Feuilleton
566 4057 676 4103 1890.

149 4166 345 4199 Gründung
362 4165 416 4193 der
435 4164 661 4198 „Gesellschaft
680 4165 737 4199 für
755 4167 896 4201 deutsche

209 4204 427 4240 Erziehungs-
451 4206 519 4233 und
538 4205 834 4240 Schulgeschichte."

174 4268 224 4297 Die
251 4267 445 4299 „Monumenta
463 4266 629 4296 Germaniae
649 4267 871 4305 Paedagogica“.

453 4328 610 4364 Berlin,
630 4331 678 4359 den
697 4331 739 4359 15.
757 4330 905 4367 Dezember.

159 4348 208 4382 Im
228 4349 434 4384 gegenwärtigen
453 4347 609 4385 Augenblick,
640 4357 681 4379 wo
705 4351 745 4379 die
767 4350 870 4387 Fragen
899 4355 941 4382 der

96 4387 251 4422 Erziehung
269 4390 320 4418 und
339 4391 385 4418 des
403 4387 561 4423 Unterrichts
584 4390 634 4418 das
653 4388 793 4426 öffentliche
812 4391 940 4427 Interesse

100 4429 131 4456 in
164 4427 330 4462 Deutschland
368 4429 402 4458 im
433 4428 542 4464 höchsten
572 4427 661 4459 Grade
695 4430 849 4466 beherrschen
888 4435 939 4462 und

96 4466 270 4499 Deutschland
280 4469 402 4501 vielleicht
420 4477 469 4498 vor
481 4469 565 4498 einem
578 4467 767 4501 Wendepunkte
786 4471 872 4503 seines
891 4481 940 4502 na¬

99 4508 219 4538 tionalen
234 4507 492 4544 Erziehungswesens
507 4509 574 4544 steht,
588 4508 616 4542 ist
636 4510 693 4539 eine
707 4510 807 4546 Anzahl
820 4520 873 4542 von
886 4512 938 4544 Ge¬

99 4547 198 4582 lehrten
217 4549 265 4577 mit
282 4550 327 4577 der
345 4548 560 4584 Verwirklichung
588 4551 662 4579 eines
681 4549 783 4583 Planes
803 4552 938 4589 hervorge¬

102 4590 188 4620 treten,
208 4591 250 4617 der
268 4589 308 4618 die
327 4587 387 4622 erste
404 4587 547 4625 Anregung
567 4590 593 4624 in
621 4590 748 4624 Zürich
773 4592 869 4627 erfuhr,
897 4602 936 4629 ge¬

102 4626 230 4661 legentlich
249 4630 293 4657 der
311 4628 427 4663 dortigen
446 4629 573 4664 deutschen
587 4629 938 4669 Philologenversammlung

99 4667 136 4694 im
156 4667 240 4702 Jahre
261 4666 339 4702 1887,
366 4668 416 4697 und
435 4668 522 4703 welche
542 4669 660 4705 bezweckt,
688 4673 737 4699 das
763 4670 936 4709 Erziehungs¬

97 4706 179 4740 wesen
200 4709 228 4736 in
247 4710 296 4738 den
313 4706 432 4738 Ländern
450 4709 572 4743 deutscher
586 4709 679 4747 Zunge
699 4712 727 4740 in
745 4711 813 4741 allen
832 4712 936 4748 Phasen

94 4746 176 4780 seiner
196 4745 378 4783 Entwicklung,
396 4747 435 4777 die
453 4748 597 4782 politischen
618 4753 670 4780 und
689 4752 824 4787 religiösen
836 4752 935 4783 Wand¬

99 4786 214 4822 lungen,
243 4787 331 4820 welche
352 4787 485 4822 innerhalb
514 4789 674 4823 wechselnder
702 4793 849 4827 politischer,
877 4795 936 4823 reli¬

99 4826 179 4859 giöser
198 4830 251 4856 und
269 4827 375 4862 sozialer
394 4826 521 4861 Zustände
539 4830 579 4858 die
596 4830 718 4868 Bildung
743 4834 789 4863 des
808 4834 935 4868 deutschen

94 4864 189 4896 Volkes
209 4866 327 4901 erfahren
347 4866 398 4901 hat,
416 4874 446 4901 zu
463 4867 651 4904 durchforschen,
670 4872 827 4907 geschichtlich
846 4882 875 4909 zu
897 4883 933 4903 er¬

93 4905 197 4936 läutern
216 4909 268 4936 und
287 4906 313 4939 so
334 4908 393 4941 „der
410 4904 569 4941 Gegenwart
588 4914 642 4939 aus
660 4915 704 4941 der
723 4912 934 4950 Vergangenheit

91 4946 133 4974 die
153 4945 267 4981 Zukunft
286 4954 314 4980 zu
334 4946 466 4980 erhellen."

149 4981 210 5015 Daß
230 4983 286 5012 eine
306 4981 417 5016 einzelne
427 4981 501 5014 Kraft
520 4991 564 5017 zur
578 4983 764 5024 Bewältigung
783 4990 855 5020 einer
873 4991 934 5026 solch

85 5023 247 5057 gewaltigen
260 5021 379 5057 Aufgabe
392 5021 455 5053 nicht
467 5024 646 5057 auszureichen
665 5034 780 5064 vermag,
801 5030 828 5063 ist
850 5030 933 5066 selbst¬

87 5060 265 5095 verständlich.
314 5060 389 5091 Viele
420 5061 563 5097 freiwillige
593 5063 715 5095 Arbeiter
750 5070 846 5102 müssen
885 5074 933 5100 das

87 5100 221 5130 Material
234 5109 263 5137 zu
275 5103 332 5130 dem
347 5100 510 5136 großartigen
523 5101 741 5137 aufzurichtenden
756 5107 819 5137 Bau
834 5110 932 5143 herbei¬

86 5139 206 5174 schaffen.
253 5140 365 5174 Welcher
392 5139 441 5170 Art
467 5141 548 5175 dieses
576 5141 704 5173 Material
734 5146 784 5179 sein
813 5148 867 5184 soll,
895 5160 932 5180 er¬

85 5181 186 5208 läutert
206 5184 249 5210 der
267 5181 284 5216 §
301 5180 319 5209 2
337 5183 379 5210 der
398 5179 553 5216 Satzungen,
572 5183 674 5215 welcher
692 5193 724 5218 zu
741 5186 845 5221 besserm
866 5189 931 5219 Ver¬

85 5219 209 5254 ständniß
228 5218 269 5250 für
288 5222 336 5248 das
355 5220 546 5254 Unternehmen
574 5220 629 5256 hier
652 5225 763 5259 wörtlich
792 5228 931 5263 angeführt

83 5259 144 5292 sein
162 5260 253 5293 möge:

1042 4000 1109 4034 „Die
1138 4000 1292 4038 Erreichung
1320 4006 1364 4032 des
1393 4005 1504 4039 Zweckes
1524 4009 1567 4037 der
1591 4008 1769 4043 „Gesellschaft
1787 4011 1829 4046 für

988 4038 1097 4074 deutsche
1123 4040 1296 4077 Erziehungs-
1323 4046 1374 4072 und
1402 4045 1627 4081 Schulgeschichte"
1657 4050 1721 4078 wird
1749 4058 1828 4085 ange¬

989 4080 1061 4115 strebt
1080 4082 1151 4113 durch
1171 4081 1209 4110 die
1229 4081 1391 4119 Sammlung
1410 4092 1479 4114 von:

1044 4121 1070 4154 a)
1089 4119 1320 4156 Schulordnungen
1340 4121 1406 4156 (von
1425 4122 1551 4158 Staaten,
1568 4125 1685 4160 Kirchen,
1702 4126 1828 4157 Gemein¬

990 4162 1046 4194 den,
1065 4159 1187 4196 sonstigen
1205 4159 1440 4195 Genossenschaften
1460 4165 1519 4192 oder
1538 4164 1668 4198 einzelnen
1682 4165 1828 4202 Personen)

990 4200 1058 4234 nebst
1095 4203 1142 4230 den
1178 4201 1294 4230 internen
1326 4200 1518 4237 Schulgesetzen,
1548 4202 1827 4242 Bestallungsbriefen,

989 4240 1103 4274 Breven,
1122 4241 1225 4274 Bullen,
1236 4241 1425 4275 Kapitularien,
1437 4242 1636 4277 Eidesformeln,
1657 4245 1826 4279 bischöflichen

989 4279 1399 4316 Niederlassungsbestätigungen,
1413 4281 1725 4318 Ordenskonstitutionen,
1739 4285 1825 4315 Stun¬

988 4322 1142 4355 denplänen,
1161 4320 1293 4354 Synodal-
1313 4324 1364 4350 und
1378 4320 1622 4357 Besoldungsakten,
1642 4322 1824 4360 Rechnungen,

988 4360 1162 4397 Quittungen,
1183 4360 1489 4394 Visitationsprotokollen
1510 4370 1536 4390 u
1554 4361 1571 4396 s.
1591 4370 1641 4397 w.;

1039 4429 1067 4458 b)
1087 4429 1370 4462 Schulbüchern;

1037 4445 1060 4472 c)
1080 4440 1380 4478 Pädagogischen
1410 4440 1718 4478 Miscellaneen,
1754 4444 1820 4474 Bio¬

983 4481 1109 4517 graphien
1128 4483 1179 4510 und
1198 4480 1375 4517 Tagebüchern
1393 4490 1445 4510 von
1462 4481 1693 4518 hervorragendem
1706 4486 1820 4520 pädago¬

983 4521 1085 4557 gischem
1122 4521 1236 4557 Werthe,
1274 4522 1401 4554 bildlichen
1430 4521 1637 4558 Darstellungen,
1669 4523 1819 4560 Matrikeln,

982 4561 1193 4594 Schulkomödien
1213 4565 1265 4591 und
1284 4561 1554 4597 Schulaufführungen
1569 4563 1636 4595 jeder
1649 4563 1708 4598 Art,
1727 4563 1819 4597 Schul¬

981 4603 1065 4634 reden,
1096 4602 1293 4637 pädagogischen
1325 4601 1465 4634 Gutachten
1485 4604 1535 4631 und
1567 4603 1647 4633 Akten
1677 4604 1740 4634 über
1770 4604 1819 4634 Er¬

980 4641 1090 4677 ziehung
1118 4644 1170 4670 und
1190 4641 1341 4676 Unterricht,
1361 4642 1451 4674 endlich
1480 4641 1648 4677 Tischzuchten
1676 4646 1728 4673 und
1756 4645 1819 4679 ähn¬

981 4681 1074 4714 lichem.
1111 4680 1220 4717 Hierher
1239 4682 1348 4717 gehören
1369 4683 1425 4714 auch
1446 4682 1555 4717 einzelne
1575 4683 1694 4719 Notizen,
1713 4685 1755 4715 die
1775 4685 1818 4719 sich

981 4720 1026 4754 auf
1044 4721 1137 4754 äußere
1157 4723 1208 4750 und
1229 4723 1316 4752 innere
1336 4722 1505 4757 Verhältnisse
1533 4725 1576 4751 der
1601 4723 1748 4761 Erziehung
1766 4728 1818 4755 und

979 4764 1025 4791 des
1061 4761 1221 4795 Unterrichts
1260 4762 1382 4797 beziehen,
1415 4765 1465 4790 und
1502 4763 1542 4791 die
1580 4764 1607 4791 in
1646 4763 1762 4800 Briefen,
1790 4767 1819 4796 in

979 4800 1132 4836 Chroniken,
1161 4802 1188 4830 in
1217 4802 1353 4834 Epicedien
1382 4804 1432 4831 und
1460 4801 1663 4838 Epithalamien,
1691 4804 1736 4839 aus
1764 4806 1819 4841 In¬

978 4841 1093 4875 schriften
1112 4842 1139 4871 in
1157 4841 1279 4878 Legaten,
1299 4843 1327 4871 in
1354 4842 1565 4877 Seelenbüchern,
1585 4845 1612 4871 in
1627 4844 1771 4881 Urkunden,
1790 4847 1819 4876 in

979 4881 1167 4916 Zinsbüchern,
1195 4883 1223 4912 in
1242 4882 1349 4912 Werken
1373 4882 1554 4917 verschiedener
1574 4883 1621 4912 Art
1642 4893 1666 4914 u.
1686 4885 1702 4918 s.
1722 4894 1755 4916 w.
1776 4886 1819 4921 sich

977 4921 1121 4955 befinden."

1031 4966 1297 5000 Zusammenberufen
1324 4975 1380 4997 war
1398 4969 1437 4997 die
1459 4967 1649 5003 konstituirende
1669 4970 1818 5004 Versamm¬

977 5007 1040 5042 lung
1051 5009 1096 5036 der
1109 5006 1285 5041 „Gesellschaft
1298 5007 1340 5039 für
1354 5008 1462 5042 deutsche
1474 5008 1647 5044 Erziehungs-
1661 5013 1714 5039 und
1725 5011 1819 5043 Schul¬

976 5046 1120 5082 geschichte"
1147 5045 1191 5079 auf
1212 5047 1362 5083 Einladung
1382 5051 1426 5077 des
1446 5049 1608 5083 Ausschusses
1628 5052 1671 5079 der
1689 5051 1732 5080 37.
1752 5052 1818 5082 Ver¬

974 5087 1122 5123 sammlung
1148 5089 1191 5116 der
1219 5087 1345 5121 deutschen
1374 5087 1529 5126 Philologen
1557 5092 1613 5124 (der
1642 5090 1743 5125 Herren
1768 5092 1818 5121 Dr.

974 5127 1220 5162 Kehrbach=Berlin,
1239 5127 1313 5161 Prof.
1332 5128 1381 5158 Dr.
1396 5129 1574 5166 Kluge=Jena.
1594 5129 1666 5163 Prof.
1681 5130 1730 5161 Dr.
1745 5131 1817 5166 Reif¬

975 5166 1272 5201 ferscheid=Greifswald,
1309 5167 1382 5202 Prof.
1410 5170 1459 5199 Dr.
1490 5170 1733 5208 Uhlig=Heidelberg
1765 5175 1816 5203 und

973 5205 1047 5239 Prof.
1067 5206 1117 5236 Dr.
1136 5207 1343 5243 Wirz=Zürich);
1372 5213 1401 5238 es
1431 5210 1499 5244 hatte
1528 5210 1569 5243 sich
1590 5212 1646 5240 eine
1665 5219 1741 5246 große
1760 5213 1816 5241 An¬

972 5245 1028 5279 zahl
1048 5254 1100 5274 von
1121 5247 1344 5282 hervorragenden
1364 5248 1571 5282 Schulmännern
1597 5252 1648 5280 und
1667 5251 1815 5288 Gelehrten,

972 5288 1096 5314 darunter
1115 5287 1174 5320 auch
1202 5288 1288 5322 einige
1306 5287 1456 5324 Mitglieder
1484 5294 1526 5319 der
1555 5292 1731 5328 gegenwärtig
1760 5292 1816 5328 hier

1879 4029 2004 4062 tagenden
2035 4028 2176 4065 Konferenz
2206 4040 2251 4066 zur
2282 4032 2457 4067 Schulreform
2488 4038 2658 4074 eingefunden
2687 4055 2720 4061 —

1878 4067 1991 4101 mehrere
2010 4068 2172 4101 Anwesende
2203 4072 2291 4105 hatten
2319 4073 2392 4109 sogar
2411 4076 2467 4106 eine
2479 4078 2554 4107 weite
2568 4078 2642 4113 Reise
2655 4081 2720 4115 nicht

1877 4105 1994 4140 gescheut,
2013 4116 2059 4136 um
2078 4110 2117 4138 die
2136 4108 2295 4145 Gesellschaft
2316 4114 2461 4149 begründen
2487 4125 2518 4151 zu
2547 4117 2647 4153 helfen;
2675 4120 2719 4151 auf

1876 4146 2095 4181 telegraphischem
2114 4148 2194 4185 Wege
2214 4150 2267 4182 traf
2292 4153 2349 4181 eine
2374 4154 2473 4188 Anzahl
2500 4164 2553 4186 vou
2580 4158 2719 4190 Beitritts¬

1876 4185 2042 4221 erklärungen
2062 4187 2111 4216 ein.
2149 4188 2223 4222 Prof.
2243 4190 2292 4220 Dr.
2312 4191 2542 4227 Wätzoldt=Berlin
2568 4197 2652 4228 leitete
2678 4200 2717 4230 die

1875 4223 2076 4260 Versammlung
2106 4228 2154 4256 mit
2184 4229 2276 4264 großer
2305 4231 2430 4266 Umsicht;
2459 4235 2499 4264 die
2530 4236 2644 4271 Klippen
2674 4241 2718 4269 der

1874 4263 2022 4299 Satzungen
2041 4268 2146 4295 wurden
2171 4267 2197 4300 so
2215 4269 2324 4303 glücklich
2353 4272 2486 4308 umschifft,
2515 4277 2564 4310 daß
2592 4278 2717 4311 dieselben

1874 4304 1932 4335 nach
1959 4305 2040 4339 kurzer
2065 4304 2178 4336 Debatte
2202 4308 2264 4337 über
2282 4311 2297 4343 §
2317 4310 2334 4338 9
2351 4311 2568 4351 (Jahresbeitrag
2588 4318 2631 4346 der
2649 4317 2717 4349 Mit¬

1872 4343 1966 4377 glieder
1994 4344 2022 4373 in
2050 4346 2092 4374 der
2120 4346 2194 4381 Höhe
2219 4356 2272 4378 von
2290 4349 2309 4377 5
2327 4349 2416 4385 Mark)
2441 4361 2475 4381 en
2495 4355 2557 4383 bloc
2577 4356 2716 4394 Annahme

1872 4382 1974 4416 fanden,
1993 4384 2123 4420 vorläufig
2142 4386 2222 4419 jedoch
2243 4395 2292 4417 nur
2312 4388 2356 4422 auf
2376 4392 2418 4419 ein
2437 4391 2592 4429 Probejahr.

1921 4429 1980 4464 Zur
1998 4431 2161 4465 eigentlichen
2180 4432 2328 4470 Eröffnung
2346 4437 2388 4465 der
2399 4437 2604 4478 Versammlung
2625 4445 2715 4481 ergriff

1870 4469 1905 4497 im
1933 4468 2060 4505 Auftrage
2087 4472 2133 4500 des
2162 4471 2283 4503 Berliner
2311 4475 2544 4514 Lokalausschusses
2569 4484 2618 4512 das
2638 4485 2715 4516 Wort

1867 4508 1997 4543 Professor
2027 4509 2076 4540 Dr.
2108 4510 2403 4551 Reifferscheid,
2434 4526 2452 4554 z.
2482 4520 2516 4554 Z.
2546 4521 2640 4553 Rektor
2671 4527 2715 4556 der

1868 4548 2025 4582 Universität
2043 4558 2073 4585 zu
2090 4550 2264 4588 Greifswald,
2282 4557 2326 4584 der
2344 4555 2416 4590 schon
2428 4559 2473 4592 auf
2485 4562 2530 4590 der
2543 4561 2715 4600 Philologen¬

1867 4589 2060 4625 versammlung
2086 4599 2117 4626 zu
2145 4591 2273 4627 Zürich
2293 4596 2330 4624 im
2348 4595 2435 4632 Jahre
2454 4600 2524 4628 1887
2542 4604 2593 4632 den
2612 4604 2717 4643 Antrag

1867 4628 1912 4663 auf
1939 4629 2089 4667 Gründung
2116 4632 2186 4661 einer
2214 4633 2311 4668 solchen
2338 4635 2498 4673 Gesellschaft
2519 4642 2617 4678 gestellt
2636 4645 2715 4680 hatte.

1867 4669 1904 4698 Er
1923 4669 2073 4705 bezeichnete
2099 4672 2142 4701 als
2167 4674 2304 4704 nationale
2322 4675 2423 4712 Pflicht,
2451 4682 2512 4711 auch
2540 4683 2594 4717 jetzt
2622 4686 2717 4717 wieder

1866 4709 1941 4743 dafür
1961 4711 2125 4746 einzutreten.
2163 4712 2233 4747 „Als
2263 4720 2322 4751 gute
2351 4717 2585 4758 Vorbedeutung",
2613 4725 2639 4759 so
2667 4735 2715 4757 un¬

1868 4749 1955 4785 gefähr
1983 4750 2065 4784 sprach
2093 4752 2137 4786 sich
2165 4752 2341 4789 Reifferscheid
2371 4757 2512 4796 Eingangs
2538 4763 2624 4796 seiner
2645 4766 2715 4797 Rede

1867 4793 1927 4825 aus,
1948 4791 2027 4826 „muß
2046 4791 2079 4825 ich
2099 4795 2128 4822 es
2148 4793 2268 4830 ansehen,
2291 4796 2341 4829 daß
2369 4799 2439 4828 mein
2467 4800 2584 4837 früherer
2613 4806 2715 4844 Antrag

1867 4830 1931 4865 nicht
1950 4833 1979 4860 in
1996 4833 2053 4860 dem
2072 4831 2194 4866 dumpfen
2213 4834 2444 4872 Sitzungszimmer
2457 4842 2501 4870 der
2515 4845 2716 4882 pädagogischen

1867 4870 1984 4905 Sektion,
2003 4872 2111 4904 sondern
2140 4874 2186 4908 auf
2203 4876 2252 4904 den
2270 4875 2383 4912 Fluthen
2412 4881 2457 4910 des
2488 4882 2714 4919 Zürichersees

1867 4910 1959 4946 gestellt
1978 4914 2031 4940 und
2050 4913 2173 4948 berathen
2192 4917 2288 4945 wurde.
2325 4917 2405 4949 Denn
2434 4920 2474 4950 bei
2504 4925 2546 4953 der
2578 4933 2608 4959 zu
2636 4929 2715 4962 grün¬

1866 4953 1963 4980 denden
1981 4950 2142 4987 Gesellschaft
2169 4953 2274 4990 handelt
2302 4961 2331 4987 es
2350 4959 2393 4992 sich
2413 4961 2478 4995 nicht
2498 4971 2542 4992 um
2562 4964 2714 5003 Förderung

1868 4992 1937 5021 einer
1956 4991 2152 5026 unfruchtbaren
2172 4995 2442 5037 Buchgelehrsamkeit,
2465 5002 2574 5036 sondern
2594 5013 2637 5035 um
2657 5008 2713 5037 eine

1865 5031 2088 5066 wissenschaftliche
2116 5034 2293 5072 Behandlung
2320 5040 2365 5068 der
2390 5042 2522 5076 deutschen
2548 5043 2641 5078 Schul-
2661 5049 2713 5076 und

1866 5071 2164 5109 Erziehungsgeschichte,
2185 5076 2226 5105 die
2245 5079 2287 5106 der
2300 5077 2460 5115 Gegenwart
2474 5083 2567 5113 dienen
2586 5087 2649 5119 will,
2668 5094 2711 5115 um

1865 5111 1898 5143 sie
1915 5120 1946 5146 zu
1964 5112 2101 5147 bewahren
2120 5122 2168 5143 vor
2186 5115 2338 5151 Versuchen,
2357 5122 2433 5149 deren
2447 5121 2650 5158 Erfolglosigkeit
2668 5126 2711 5158 sich

1865 5151 1935 5185 schon
1954 5152 1982 5180 in
2001 5151 2121 5187 früheren
2134 5155 2230 5188 Zeiten
2248 5158 2369 5190 erwiesen
2388 5160 2441 5193 hat.
2478 5161 2518 5190 Es
2538 5165 2631 5194 kommt
2653 5167 2710 5195 dar¬

1865 5189 1911 5225 auf
1938 5199 1981 5225 an,
2009 5200 2039 5227 zu
2067 5194 2199 5229 erkennen,
2227 5197 2276 5226 wie
2312 5198 2354 5227 der
2373 5199 2471 5233 frühere
2492 5201 2711 5237 Schulunterricht

1864 5229 1905 5264 sich
1925 5230 1985 5266 stets
2004 5232 2064 5266 nach
2083 5235 2131 5263 den
2150 5234 2290 5268 wirklichen
2310 5236 2490 5273 Bedürfnissen
2516 5242 2559 5270 der
2580 5243 2639 5276 Zeit
2668 5253 2710 5280 ge¬

1863 5269 1948 5305 richtet
1976 5273 2028 5300 und
2057 5273 2105 5301 mit
2134 5272 2212 5307 ihnen
2242 5274 2284 5309 sich
2310 5278 2429 5310 geändert
2458 5280 2510 5313 hat.
2548 5281 2711 5317 Nachweisen

1863 5309 1919 5345 läßt
1936 5309 1979 5344 sich
1996 5312 2055 5340 dies
2072 5310 2127 5347 sehr
2146 5313 2217 5347 leicht
2245 5321 2279 5343 an
2306 5317 2349 5345 der
2368 5316 2446 5352 Hand
2475 5322 2521 5350 des
2549 5323 2711 5359 griechischen

2761 4059 2814 4087 und
2833 4058 2994 4094 lateinischen
3014 4061 3281 4104 Sprachunterrichts,
3304 4073 3346 4102 der
3365 4074 3538 4112 ursprünglich
3558 4085 3611 4108 von

2760 4099 2817 4126 rein
2834 4100 2985 4134 praktischen
3004 4102 3233 4139 Gesichtspunkten
3252 4114 3303 4140 aus
3324 4114 3425 4148 geleitet
3444 4119 3548 4145 worden
3568 4117 3605 4152 ist.

2759 4136 2813 4166 Die
2832 4138 2983 4176 bisherigen
3003 4143 3219 4183 Bearbeitungen
3239 4151 3282 4179 der
3301 4151 3438 4187 Geschichte
3465 4157 3509 4185 des
3538 4158 3610 4187 deut¬

2758 4175 2827 4209 schen
2854 4178 3129 4219 Erziehungswesens,
3164 4187 3191 4220 so
3219 4192 3397 4226 verdienstvoll
3424 4195 3455 4229 sie
3483 4197 3542 4230 auch
3573 4198 3608 4227 im

2758 4215 2901 4252 Einzelnen
2919 4220 2982 4256 sind,
3001 4226 3119 4260 genügen
3138 4227 3265 4260 durchaus
3285 4231 3350 4265 nicht
3378 4234 3425 4264 den
3455 4243 3489 4263 an
3518 4236 3550 4269 sie
3578 4245 3608 4272 zu

2757 4255 2894 4289 stellenden
2919 4260 3165 4299 wissenschaftlichen
3191 4267 3416 4308 Anforderungen,
3443 4277 3477 4304 da
3504 4276 3536 4308 sie
3565 4276 3608 4311 sich

2758 4297 2824 4331 nicht
2844 4301 2961 4334 gründen
2980 4303 3027 4336 auf
3051 4305 3092 4334 die
3120 4308 3188 4337 volle
3215 4308 3347 4345 Kenntniß
3375 4315 3419 4343 des
3448 4315 3604 4350 gesammten

2757 4335 2915 4374 Materials,
2932 4342 3041 4377 welches
3058 4347 3103 4375 der
3120 4346 3244 4383 Einzelne
3261 4351 3304 4383 sich
3317 4353 3378 4386 auch
3391 4355 3455 4387 nicht
3468 4355 3606 4391 beschaffen

2758 4376 2832 4407 kann.
2879 4380 2937 4410 Nur
2966 4384 3024 4413 eine
3051 4385 3233 4425 Bereinigung
3260 4390 3356 4427 Vieler,
3386 4394 3423 4423 die
3449 4395 3603 4434 planmäßig

2759 4418 2820 4451 nach
2840 4420 2924 4450 einem
2943 4421 3020 4457 Ziele
3038 4424 3211 4462 hinarbeiten,
3234 4431 3299 4459 wird
3319 4436 3348 4461 es
3368 4435 3474 4470 möglich
3493 4437 3605 4472 machen,

2758 4457 2800 4487 die
2820 4457 2933 4490 Quellen
2951 4464 3023 4493 einer
3036 4465 3164 4500 wahrhaft
3177 4468 3417 4506 wissenschaftlichen
3430 4475 3607 4512 Erziehungs¬

2758 4498 2888 4533 geschichte
2907 4501 3075 4540 bloszulegen
3093 4509 3144 4536 und
3163 4508 3265 4542 nutzbar
3281 4519 3312 4545 zu
3331 4512 3462 4547 gestalten.
3482 4514 3535 4544 Ein
3547 4524 3607 4547 vor¬

2759 4538 2894 4573 trefflicher
2921 4541 3030 4579 Anfang
3057 4545 3153 4579 hierfür
3181 4548 3209 4581 ist
3234 4551 3342 4585 gemacht
3363 4553 3391 4581 in
3411 4556 3460 4583 den
3480 4563 3534 4585 von
3554 4556 3604 4587 Dr.

2758 4577 2823 4608 Karl
2844 4580 3025 4616 Kehrbach
3043 4584 3165 4621 (Berlin)
3185 4588 3212 4616 in
3231 4589 3336 4620 seltener
3356 4592 3607 4633 Uneigennützigkeit

2758 4622 2934 4655 gegründeten
2953 4625 3007 4652 und
3026 4626 3073 4654 mit
3092 4625 3181 4660 ebenso
3201 4629 3304 4663 großem
3317 4631 3424 4666 Geschick
3442 4635 3491 4665 wie
3511 4638 3607 4668 vollem

2758 4652 2931 4695 Verständniß
2950 4664 3085 4699 geleiteten
3099 4666 3296 4700 „Monumenta
3310 4670 3478 4702 Germaniae
3494 4677 3606 4707 Paeda¬

2758 4700 2886 4735 gogica“.
2922 4702 2993 4733 Dies
3012 4704 3203 4741 Unternehmen
3223 4708 3295 4738 kennt
3315 4711 3384 4742 keine
3397 4713 3545 4746 Schranken
3564 4720 3608 4748 der

2758 4739 2852 4771 Partei
2873 4743 2930 4770 oder
2948 4743 2992 4772 der
3011 4744 3176 4780 Konfession;
3203 4750 3251 4778 mit
3271 4751 3399 4785 derselben
3418 4754 3607 4793 Unparteilich¬

2758 4779 2806 4809 keit
2823 4781 2888 4810 wird
2907 4781 2962 4815 hier
2981 4786 3029 4812 den
3047 4784 3202 4820 böhmischen
3221 4787 3342 4820 Brüdern
3370 4794 3419 4823 wie
3447 4797 3497 4826 den
3514 4797 3607 4833 Jesui¬

2758 4823 2803 4849 ten
2821 4822 2871 4849 das
2883 4821 2958 4851 Wort
2978 4823 3100 4858 gestattet,
3118 4824 3144 4857 so
3163 4827 3212 4859 daß
3232 4829 3312 4860 Beide
3331 4832 3390 4867 ihre
3403 4836 3606 4873 pädagogischen

2758 4859 2951 4895 Bestrebungen
2982 4871 3034 4891 von
3066 4864 3147 4898 ihrem
3179 4866 3362 4903 Standpunkte
3394 4879 3446 4904 aus
3475 4878 3608 4912 darstellen

2758 4899 2864 4929 können.
2900 4901 2960 4931 Das
2985 4902 3171 4938 abschließende
3200 4908 3301 4944 Urtheil
3327 4914 3394 4942 wird
3421 4917 3492 4946 dann
3523 4919 3607 4953 später

2757 4939 2798 4969 die
2816 4938 2953 4972 Geschichte
2973 4944 3016 4971 der
3034 4942 3192 4982 Pädagogik,
3217 4950 3257 4978 die
3277 4951 3353 4982 einen
3373 4954 3486 4989 höheren
3504 4958 3608 4989 Stand¬

2756 4979 2832 5010 punkt
2852 4980 3034 5015 einzunehmen
3054 4984 3187 5022 berechtigt
3207 4988 3244 5023 ist,
3264 4990 3334 5025 leicht
3350 4997 3403 5023 und
3417 4996 3489 5030 sicher
3509 5006 3545 5027 an
3565 5001 3607 5030 der

2756 5018 2834 5052 Hand
2853 5021 2897 5048 des
2917 5021 3104 5056 authentischen
3124 5025 3271 5058 Materials
3292 5032 3408 5068 abgeben
3428 5037 3554 5068 können."

2809 5055 2851 5090 In
2871 5057 2993 5088 breiterer
3012 5059 3188 5101 Ausführung
3207 5069 3301 5097 erwies
3324 5071 3421 5104 sodann
3441 5077 3486 5104 der
3505 5076 3608 5108 Redner

2756 5099 2808 5124 aus
2827 5095 2925 5131 äußerst
2945 5098 3098 5133 lehrreichen
3117 5102 3268 5139 Beispielen
3294 5110 3339 5144 auf
3359 5113 3414 5142 dem
3433 5113 3545 5146 Gebiete
3565 5120 3607 5148 der

2753 5135 2883 5169 deutschen
2901 5137 3060 5175 Philologie,
3088 5143 3138 5177 daß
3156 5146 3198 5175 die
3218 5147 3370 5186 bisherigen
3391 5152 3606 5193 Bearbeitungen

2754 5176 2799 5204 der
2811 5177 2939 5211 deutschen
2952 5178 3245 5219 Erziehungsgeschichte
3265 5192 3443 5227 unzulänglich
3464 5195 3541 5227 seien.
3570 5198 3606 5228 Er

2754 5217 2849 5248 machte
2868 5218 2943 5247 dabei
2969 5220 3026 5249 eine
3050 5222 3133 5257 Reihe
3162 5227 3292 5263 wichtiger
3309 5228 3449 5263 Probleme
3477 5237 3606 5273 namhaft,

2754 5262 2801 5284 um
2818 5264 2849 5291 zu
2867 5259 2961 5294 zeigen,
2980 5261 3053 5295 welch
3074 5264 3151 5294 reiche
3165 5265 3317 5303 Aufschlüsse
3335 5272 3379 5301 die
3397 5281 3497 5308 genaue
3511 5276 3606 5308 Unter¬

2754 5293 2865 5332 suchung
2892 5300 2935 5327 der
2964 5299 3137 5340 Entwicklung
3165 5307 3210 5335 der
3236 5309 3366 5344 deutschen
3394 5313 3606 5352 Schulgeschichte

2754 5338 2808 5366 und
2835 5338 2875 5367 die
2902 5341 2985 5369 damit
3014 5343 3178 5375 verbundene
3209 5345 3357 5386 sorgfältige
3388 5352 3606 5394 Durchforschung
