2674 3484
161 40 498 79 Vorausbezahlung.

107 96 464 131 Jährlich.........64
484 96 539 133 Btz.

107 132 418 168 Vierteljährlich.....
433 134 465 160 16
485 132 539 169 Btz.

299 238 748 395 Neue
846 235 2298 439 Zürcher-Zeitung.

1144 71 1262 123 Nro.
1302 76 1396 125 50.

2040 50 2416 90 Einrückungsgebühr.

1970 105 2021 136 Die
2039 106 2194 140 Petit-Zeile
2213 111 2229 135 5
2242 107 2476 146 Zürcher-Kreuzer.

2019 142 2110 175 Briefe
2130 148 2180 170 und
2199 144 2295 173 Gelder
2314 144 2427 177 franko.

158 508 341 558 Freitag

771 573 882 607 (Druck
906 578 958 603 und
980 574 1076 611 Verlag
1099 575 1151 603 von
1175 575 1295 608 Orell,
1320 572 1452 604 Füssli
1476 578 1528 603 und
1553 576 1806 614 Compagnie.)

1928 516 2005 555 den
2034 514 2098 558 24.
2127 516 2255 562 April
2282 516 2420 560 1840.

110 697 189 726 Diese
212 698 325 736 Zeitung
358 697 486 734 erscheint
515 699 682 736 wöchentlich
712 699 787 729 drei
819 702 901 730 Mal:
930 702 1107 738 Montag,
1137 700 1330 739 Mittwoch
1360 705 1411 730 und
1442 701 1606 740 Freitag.
1651 704 1714 732 Alle
1743 703 1876 741 Anzeigen
1904 707 2004 733 werden
2033 706 2112 743 daher
2140 707 2239 743 schnell
2270 705 2306 735 im
2338 707 2479 744 Publikum

215 753 361 789 verbreitet,
383 757 426 784 für
448 753 609 791 diejenigen,
632 757 722 792 welche
746 757 773 785 in
794 756 853 792 zwei
878 755 1189 794 aufeinanderfolgenden
1212 757 1361 795 Nummern
1361 757 1545 795 erscheinen,
1567 757 1631 787 wird
1656 762 1704 787 das
1727 758 1812 796 zweite
1832 761 1897 790 Mal
1927 770 1978 789 nur
1999 759 2019 790 3
2043 762 2082 790 kr.
2104 771 2148 796 per
2169 761 2242 791 Zeile
2265 764 2370 800 bezahlt.

146 863 305 900 Aargau.
344 863 403 895 Der
424 862 478 893 Gr.
498 859 575 896 Rath
597 861 626 895 ist
645 864 693 897 auf
716 862 765 893 den
785 865 813 894 4.
834 863 901 894 Mai
926 865 1041 899 berufen.
1083 864 1150 895 Das
1172 864 1266 895 Einla¬

108 907 323 945 dungsschreiben
344 908 423 944 sagt:
454 905 537 941 „Die
556 907 681 945 Anträge
708 908 764 938 und
790 908 833 939 der
853 909 962 944 Bericht
988 909 1032 940 der
1051 909 1266 945 Revisionskom¬

106 953 209 986 mission
231 951 293 981 über
312 952 367 981 eine
385 950 506 980 revidirte
521 952 685 991 Verfassung
707 954 810 984 werden
832 955 859 985 in
874 955 966 986 Bälde
984 956 1146 993 mitgetheilt
1164 955 1265 986 werden

102 994 225 1033 können,
253 995 309 1025 und
330 997 435 1034 zufolge
454 996 570 1033 Gesetzes
591 1005 652 1027 vom
674 1000 720 1028 14.
743 999 854 1034 Januar
877 1003 949 1029 1840
970 1002 997 1031 in
1020 1001 1088 1031 einer
1115 1009 1148 1038 zu
1176 1000 1266 1037 diesem

102 1040 198 1077 Zweck
221 1040 358 1076 besonders
378 1050 411 1080 zu
432 1043 655 1078 veranstaltenden
677 1044 841 1084 Berathung
862 1053 895 1083 zu
915 1045 1060 1081 behandeln
1083 1046 1173 1082 sein."

143 1089 228 1117 Unter
245 1086 293 1117 den
308 1086 482 1118 Traktanden
498 1089 629 1119 bemerken
645 1090 695 1120 wir
708 1091 845 1128 folgende:
868 1094 897 1126 a)
918 1091 972 1122 Bei
993 1092 1040 1122 den
1057 1091 1266 1128 Kommissionen

101 1132 221 1171 liegende
241 1133 393 1169 Geschäfte:
426 1134 689 1175 Gesetzesvorschläge
715 1135 778 1166 über
798 1136 1013 1176 Kapitalisirung
1040 1137 1098 1168 und
1124 1136 1265 1176 Ablösung

104 1179 148 1208 der
177 1180 313 1216 Zehnten,
342 1179 396 1209 und
425 1179 467 1210 der
494 1183 540 1216 auf
556 1182 685 1218 Zehnten
714 1182 769 1212 und
788 1182 976 1221 Bodenzinsen
999 1182 1140 1220 haftenden
1161 1184 1265 1221 Lasten;

104 1224 168 1255 über
188 1224 373 1263 Abänderung
401 1225 445 1255 der
465 1228 505 1262 §§.
527 1229 562 1255 42
584 1226 639 1257 und
661 1229 697 1256 43
725 1227 771 1258 des
793 1227 940 1265 Stempel-
961 1229 1017 1259 und
1037 1229 1266 1267 Konsumosteuer¬

102 1274 225 1309 gesetzes;
250 1270 315 1301 über
333 1271 388 1302 eine
414 1280 477 1302 neue
496 1272 629 1311 Bezirks-
649 1273 705 1303 und
724 1274 987 1314 Kreiseintheilung;
1017 1275 1126 1310 Bericht
1152 1275 1198 1305 des
1218 1275 1265 1306 Kl.

102 1317 230 1355 Rathes,
257 1317 399 1352 betreffend
422 1318 548 1355 Revision
576 1318 621 1349 der
640 1319 874 1358 Kriminalgesetze.
913 1321 1050 1356 Anstände
1077 1320 1121 1350 des
1148 1322 1266 1358 Oberge¬

101 1364 182 1398 richts
213 1364 263 1393 mit
293 1363 349 1393 dem
379 1364 671 1401 Gerichtspräsidenten
701 1372 753 1395 von
785 1366 897 1405 Brugg.
937 1366 1115 1403 Straßennetz
1146 1365 1188 1401 für
1219 1366 1265 1396 den

100 1409 229 1440 Kanton.
248 1408 282 1443 b)
298 1411 377 1440 Neue
390 1410 545 1446 Geschäfte:
564 1414 593 1445 1)
610 1411 736 1449 Anträge
752 1410 794 1441 der
808 1412 1266 1450 Verfassungsrevisions¬

92 1453 325 1490 kommission
348 1463 382 1485 an
410 1455 458 1486 den
482 1457 537 1489 Gr.
556 1456 652 1494 Rath,
680 1455 809 1496 bezüglich
837 1460 886 1493 auf
911 1458 950 1488 die
970 1458 1097 1489 Badener
1117 1458 1266 1496 Konferenz

102 1506 159 1530 und
181 1500 196 1530 d
206 1504 232 1531 is
253 1500 522 1532 Siebnerkonkordat.
555 1505 586 1537 2)
608 1503 733 1542 Anträge
754 1503 798 1532 des
819 1503 867 1535 Kl.
882 1503 988 1540 Rathes
1010 1503 1139 1543 bezüglich
1161 1506 1209 1539 auf
1228 1503 1267 1534 die

100 1545 218 1580 Klöster.
258 1548 288 1581 3)
317 1547 427 1584 Antrag
454 1547 499 1577 des
525 1548 572 1579 Kl.
594 1548 719 1586 Rathes,
747 1549 889 1585 betreffend
916 1549 955 1579 die
976 1549 1194 1589 Entschädigung
1225 1549 1267 1580 der

100 1591 263 1630 Mitglieder
285 1591 327 1621 der
348 1592 830 1631 Verfassungsrevisionskommission.

141 1653 180 1659 —
223 1636 363 1673 Während
383 1638 418 1667 im
439 1640 569 1677 Aargau,
590 1647 643 1670 von
664 1641 713 1671 den
730 1641 865 1678 Gegnern
888 1641 929 1671 der
949 1641 976 1672 in
998 1641 1079 1676 diesen
1094 1640 1265 1672 Traktanden

101 1683 292 1722 angedeuteten
314 1683 522 1723 Konzessionen,
550 1685 593 1715 der
619 1685 924 1723 Revisionskommission
954 1686 1003 1717 das
1025 1687 1109 1722 Recht
1137 1687 1180 1717 der
1200 1687 1266 1722 Ini¬

99 1729 196 1758 tiative
216 1729 346 1763 bestritten
368 1729 452 1766 wird,
480 1732 538 1769 sagt
556 1731 603 1761 der
620 1731 837 1768 Korrespondent
864 1733 906 1763 der
926 1733 1031 1763 Basler
1048 1732 1190 1770 Zeitung,
1217 1732 1267 1762 das

97 1773 229 1809 Resultat
250 1774 293 1803 der
313 1774 619 1811 Kommissionsarbeiten
642 1779 725 1811 mache
747 1777 793 1808 den
811 1778 899 1814 Effekt
919 1778 987 1808 einer
1008 1777 1174 1815 getäuschten
1187 1779 1266 1815 Hoff¬

97 1828 188 1856 nung.
225 1819 307 1854 „Die
321 1818 451 1855 Wünsche
472 1820 526 1851 und
541 1822 745 1860 Beschwerden,
766 1821 839 1859 führt
860 1831 887 1853 er
906 1823 994 1853 weiter
1015 1827 1085 1860 aus,
1106 1825 1130 1858 so
1153 1823 1214 1852 weit
1236 1825 1266 1858 sie

96 1864 139 1894 die
154 1864 322 1900 Verfassung
343 1864 476 1901 betrafen,
495 1866 642 1904 reduzirten
656 1868 703 1903 sich
717 1869 767 1902 auf
776 1867 901 1905 folgende
913 1868 1035 1903 Punkte:
1057 1870 1087 1901 1)
1109 1867 1263 1897 Garantien

96 1908 140 1945 für
162 1908 213 1938 das
233 1908 389 1945 Kirchliche,
420 1911 449 1942 2)
472 1911 663 1950 Verbesserung
685 1912 729 1941 der
751 1912 866 1947 Wahlen
890 1911 944 1941 und
966 1912 1012 1941 des
1033 1913 1202 1949 Verfahrens
1223 1912 1263 1941 bei

95 1955 141 1985 der
164 1955 376 1993 Gesetzgebung,
404 1957 434 1989 3)
462 1956 653 1994 Verbesserung
681 1956 727 1985 des
749 1957 984 1992 Gerichtswesens.
1026 1957 1097 1992 Jetzt
1124 1957 1191 1987 wird
1222 1957 1263 1987 be¬

95 2003 226 2040 hauptet,
255 2000 299 2028 der
319 2001 378 2034 erste
398 2007 451 2030 von
478 2000 526 2031 den
555 2005 708 2039 genannten
737 2001 789 2031 drei
810 2003 954 2040 Punkten,
983 2002 1027 2032 der
1053 2002 1102 2032 das
1124 2002 1265 2038 Kirchliche

93 2047 217 2084 betrifft,
246 2046 279 2081 sei
300 2045 362 2080 nach
383 2045 487 2083 langem
508 2046 685 2082 Verhandeln
713 2047 769 2076 und
788 2048 1058 2085 Hinundherschieben
1087 2047 1264 2087 ungenügend

93 2093 279 2131 ausgefallen;
300 2088 363 2120 über
383 2090 432 2119 den
453 2091 561 2127 zweiten
582 2092 673 2127 spricht
695 2093 740 2128 sich
763 2092 811 2122 das
827 2093 927 2129 Urtheil
946 2094 1007 2128 noch
1024 2094 1092 2130 nicht
1107 2098 1176 2130 aus;
1198 2095 1263 2125 beim

94 2141 197 2170 dritten
220 2137 345 2174 Punkte,
368 2136 417 2166 das
433 2136 642 2172 Gerichtswesen
663 2137 823 2174 betreffend,
843 2138 934 2168 wurde
956 2138 995 2169 die
1016 2140 1153 2178 allgemein
1176 2147 1263 2170 verur¬

92 2186 188 2222 theilte
208 2183 338 2219 bisherige
360 2182 489 2218 Wahlart
508 2181 552 2212 der
572 2182 813 2222 Bezirksgerichte,
841 2184 962 2218 nachdem
984 2193 1045 2215 man
1067 2188 1161 2222 vorher
1186 2186 1263 2221 durch

94 2231 136 2261 ein
159 2236 234 2266 zwar
253 2228 314 2262 auch
336 2228 402 2262 nicht
423 2226 591 2266 genügendes
604 2229 935 2269 Zentralwahlkollegium
956 2232 1029 2268 hatte
1051 2232 1135 2267 helfen
1158 2233 1261 2270 wollen,

94 2277 144 2310 auf
163 2273 263 2304 einmal
283 2281 325 2301 am
346 2273 432 2308 letzten
448 2273 648 2313 Sitzungstage
668 2274 763 2305 wieder
782 2277 1004 2314 ausgenommen,
1025 2276 1080 2307 und
1102 2278 1148 2313 soll
1168 2285 1262 2308 unver¬

92 2321 193 2353 ändert
213 2319 271 2349 dem
293 2318 350 2348 Gr.
370 2318 460 2355 Rathe
479 2321 677 2359 vorgeschlagen
701 2320 813 2351 werden.
855 2320 959 2352 Würde
985 2322 1026 2352 die
1045 2323 1213 2362 Verfassung
1234 2324 1261 2353 in

91 2368 172 2404 dieser
194 2364 303 2400 Gestalt
324 2363 379 2394 dem
402 2365 489 2395 Volke
507 2368 658 2406 vorgelegt,
687 2369 711 2403 so
734 2366 804 2397 wäre
825 2368 874 2397 mit
903 2367 1086 2403 entschiedener
1108 2368 1262 2405 Gewißheit

89 2415 170 2445 deren
193 2411 379 2448 Verwerfung
399 2413 620 2450 vorauszusehen,
646 2413 679 2443 da
701 2417 727 2443 es
750 2413 841 2452 gerade
861 2421 895 2443 an
917 2412 964 2444 den
986 2414 1182 2451 wesentlichsten
1204 2414 1260 2445 Be¬

88 2462 251 2499 dingungen
273 2456 316 2486 der
337 2457 481 2493 Annahme
500 2458 660 2495 gebräche."

128 2522 168 2529 —
211 2504 285 2540 Auch
306 2502 346 2532 die
362 2503 548 2541 Flugschriften
567 2505 670 2540 machen
688 2506 733 2543 sich
750 2505 811 2541 nach
828 2506 872 2536 der
886 2504 1156 2543 mehrwöchentlichen
1173 2508 1260 2543 Pause

87 2552 185 2585 wieder
215 2552 271 2586 auf.
326 2548 395 2579 Eine
423 2549 556 2586 theilweise
583 2557 633 2588 gar
657 2559 690 2589 zu
714 2551 774 2588 hoch
795 2552 841 2588 sich
864 2551 1048 2591 versteigende,
1080 2551 1119 2582 die
1139 2557 1186 2583 vor
1207 2556 1260 2583 uns

85 2602 169 2639 liegt,
197 2596 273 2634 führt
293 2594 342 2625 den
364 2595 454 2626 Titel:
485 2597 592 2631 „Ueber
613 2597 744 2635 Parität,
775 2597 1027 2635 Rechtsgleichheit,
1055 2598 1184 2636 politische
1204 2598 1259 2630 und

83 2642 205 2682 religiöse
226 2642 356 2678 Freiheit,
385 2641 425 2671 die
444 2642 542 2680 großen
562 2643 723 2681 Zeitfragen
747 2644 781 2673 im
803 2644 958 2681 Aargau."
1009 2644 1099 2679 Zwar
1120 2649 1172 2675 aus
1192 2645 1259 2676 einer

85 2689 174 2727 Feder
188 2688 326 2723 geflossen,
347 2688 379 2723 sei
399 2689 431 2723 sie
451 2688 509 2725 doch
526 2688 573 2718 das
588 2689 759 2727 gemeinsame
774 2689 898 2725 Produkt
918 2697 970 2719 von
987 2689 1148 2728 Männern,
1170 2691 1259 2727 welche

84 2733 170 2774 theils
190 2728 281 2765 früher
300 2730 374 2764 schon
392 2732 429 2761 im
448 2734 556 2769 Dienste
575 2733 622 2763 des
643 2733 830 2765 Vaterlandes
850 2734 939 2772 thätig
960 2743 1068 2772 waren,
1096 2736 1176 2773 theils
1196 2736 1257 2772 auch

82 2775 277 2822 gegenwärtig
303 2772 347 2803 der
373 2775 483 2815 Leitung
508 2780 588 2816 seiner
613 2779 857 2818 Angelegenheiten
885 2780 954 2816 nicht
980 2780 1062 2816 fremd
1096 2781 1162 2818 sind.
1204 2781 1259 2812 Sie

82 2830 140 2866 setzt
163 2823 210 2862 sich
230 2828 296 2858 vor,
306 2817 372 2855 „da
386 2819 432 2855 sich
448 2823 503 2852 eine
521 2825 647 2860 schlaffere
661 2826 771 2863 Ansicht
789 2826 930 2865 allgemein
953 2827 1009 2858 will
1023 2827 1129 2866 geltend
1144 2829 1257 2866 machen,

86 2875 132 2909 auf
161 2870 202 2901 die
229 2863 449 2898 unverrückbaren
472 2866 653 2908 Grundlagen
683 2873 749 2903 aller
777 2880 873 2904 neuern
894 2873 1039 2910 politischen
1069 2873 1126 2904 und
1154 2872 1256 2913 religiö¬

88 2921 129 2954 sen
156 2913 330 2949 Bedürfnisse
358 2911 405 2941 mit
431 2911 506 2941 allem
534 2911 676 2950 möglichen
703 2917 870 2953 Nachdrucke
898 2919 1090 2957 hinzuweisen,
1121 2920 1192 2956 nicht
1211 2928 1256 2951 um

89 2964 142 2994 eine
160 2958 356 2999 Parteiansicht
381 2957 597 2995 auszusprechen,
623 2959 733 2993 sondern
763 2969 806 2992 um
833 2965 968 3002 gleichsam
998 2965 1037 2995 die
1057 2965 1203 3002 Bausteine
1223 2974 1255 3005 zu

87 3010 144 3041 dem
166 3009 259 3040 Altare
280 3004 425 3043 politischer
443 3003 499 3034 und
519 3001 651 3042 religiöser
671 3006 788 3042 Freiheit
809 3017 843 3046 zu
863 3011 963 3050 liefern,
982 3010 1046 3042 über
1067 3012 1198 3049 welchem
1207 3014 1256 3043 alle

84 3056 214 3094 Parteien
234 3054 281 3092 sich
301 3049 463 3089 versöhnend
484 3049 522 3081 die
543 3049 640 3090 Hände
659 3050 756 3087 reichen
781 3050 916 3085 können."
950 3073 988 3080 —
1023 3058 1078 3089 Die
1100 3056 1215 3095 Schrift,
1227 3059 1255 3094 ist

82 3103 204 3143 zunächst
218 3108 303 3140 gegen
318 3097 433 3135 Parität
444 3096 574 3137 gerichtet.
608 3097 687 3131 Was
694 3097 721 3127 in
741 3095 788 3127 den
807 3099 955 3139 bisherigen
972 3105 1253 3143 Uebergangsepochen

83 3151 127 3181 des
147 3146 335 3188 aargauischen
359 3145 534 3182 Freistaates,
553 3143 736 3182 fremdartiger
756 3143 898 3179 Umstände
917 3148 1030 3187 willen,
1050 3152 1253 3189 aufgenommen

84 3196 185 3227 wverden
206 3194 312 3230 mußte,
340 3190 391 3221 das
411 3191 457 3227 soll
478 3190 516 3221 die
536 3190 623 3228 jetzige
644 3190 789 3227 Revision,
819 3189 857 3220 die
878 3191 970 3228 freilich
991 3201 1043 3225 von
1064 3196 1252 3234 fremdartigen

86 3242 242 3278 Umständen
272 3239 341 3275 nicht
368 3236 468 3268 minder
495 3239 616 3277 umringt
642 3237 688 3276 ist,
717 3236 891 3274 ausscheiden.
930 3237 1001 3269 Eine
1024 3242 1163 3279 historische
1183 3244 1252 3275 Ein¬

86 3289 183 3328 leitung
216 3287 302 3324 macht
332 3284 387 3315 dies
417 3283 537 3322 deutlich.
599 3284 659 3321 Erst
695 3283 772 3322 durch
802 3283 842 3316 die
870 3284 1134 3324 Vermittlungsakte
1163 3289 1251 3320 wurde

1308 863 1358 894 das
1385 864 1439 895 alte
1460 866 1574 904 Aargau
1606 865 1683 901 durch
1715 867 1765 897 das
1792 869 1905 904 ehemals
1933 866 2120 904 österreichische
2146 867 2293 906 Frickthal,
2326 869 2366 900 die
2386 870 2479 906 Graf¬

1308 910 1387 946 schaft
1415 910 1516 941 Baden
1552 911 1608 942 und
1636 912 1676 942 die
1706 913 1885 950 Freienämter
1914 914 1995 944 Muri
2024 913 2080 944 und
2108 914 2289 953 Bremgarten
2317 914 2479 953 vergrößert.

1308 955 1362 986 Bei
1393 955 1436 986 der
1463 957 1616 996 Trennung
1645 957 1691 987 des
1719 959 1884 996 eigentlichen
1906 961 2045 998 Aargau's
2076 966 2137 990 vom
2167 960 2281 991 Kanton
2302 960 2380 992 Bern
2403 963 2479 992 1798

1309 1000 1399 1030 wurde
1430 1002 1473 1032 der
1504 1010 1568 1033 neue
1596 1002 1711 1034 Kanton
1740 1004 1787 1034 mit
1818 1002 1855 1043 1/7
1887 1005 1932 1035 des
1961 1005 2120 1045 ehemaligen
2151 1005 2257 1037 Berner
2289 1005 2478 1045 Staatsgutes

1309 1048 1502 1086 ausgesteuert,
1532 1047 1727 1086 größtentheils
1756 1048 1848 1081 Güter
1875 1050 1921 1081 des
1948 1052 2037 1089 alten,
2071 1052 2168 1085 reichen
2192 1051 2298 1087 Stiftes
2318 1052 2478 1092 Zofingen,

1309 1094 1333 1128 so
1361 1093 1414 1123 wie
1436 1093 1485 1123 des
1502 1093 1622 1129 Klosters
1642 1093 1853 1134 Königsfelden,
1881 1098 1934 1133 also
1966 1097 2015 1126 mit
2045 1095 2266 1136 ursprünglichem
2291 1097 2480 1137 Kirchengute.

1308 1138 1363 1169 Die
1384 1139 1563 1174 Freienämter
1594 1141 1655 1170 aber
1686 1141 1771 1180 legten
1800 1142 1837 1171 bei
1869 1143 1948 1179 ihrem
1970 1143 2089 1173 Eintritt
2115 1143 2142 1173 in
2172 1143 2221 1174 den
2251 1143 2477 1175 Staatsverband

1309 1184 1407 1218 Nichts
1430 1185 1482 1215 ein.
1523 1185 1613 1222 „Der
1634 1186 1743 1217 Wiener
1764 1187 1904 1226 Kongreß,
1931 1190 1988 1226 sagt
2008 1187 2048 1219 die
2070 1188 2194 1227 Schrift,
2219 1189 2334 1227 instigirt
2354 1197 2406 1221 von
2427 1190 2478 1222 den

1309 1230 1473 1265 Deputirten
1503 1230 1547 1260 der
1574 1232 1647 1261 alten
1677 1232 1861 1270 Aristokratie,
1891 1242 1988 1273 zwang
2016 1234 2059 1264 der
2081 1234 2206 1273 Schweiz
2233 1234 2271 1265 die
2291 1235 2477 1270 Konstitution

1308 1282 1362 1306 von
1379 1278 1453 1305 1814
1473 1278 1537 1313 auf,
1558 1277 1613 1307 und
1634 1277 1675 1307 die
1689 1276 2017 1317 Tagsatzungsgesandten
2039 1280 2142 1316 kehrten
2163 1281 2214 1310 mit
2232 1280 2288 1310 dem
2302 1281 2425 1317 Bescheid
2445 1281 2476 1313 in

1309 1321 1363 1358 ihre
1381 1321 1509 1352 Kantone
1530 1322 1634 1360 zurück,
1665 1323 1713 1358 daß
1740 1325 1774 1353 im
1798 1326 1873 1361 Falle
1893 1325 1937 1355 der
1958 1326 2140 1364 Verwerfung
2161 1325 2238 1362 dieser
2258 1326 2340 1364 Akte,
2368 1329 2476 1365 50,000

1309 1366 1404 1402 fremde
1417 1367 1587 1402 Bajonnette
1603 1368 1678 1398 deren
1693 1371 1836 1406 Annahme
1850 1371 1975 1407 plausibel
1989 1379 2021 1409 zu
2037 1372 2139 1406 machen
2156 1372 2243 1407 wissen
2260 1370 2379 1403 würden.
2415 1373 2477 1404 Der

1308 1414 1420 1451 Aargau
1430 1414 1477 1443 ins
1484 1413 1634 1449 Besondere
1647 1414 1723 1445 ward
1737 1415 1842 1446 damals
1856 1416 1934 1453 durch
1947 1417 2023 1447 einen
2038 1418 2118 1454 seiner
2127 1417 2349 1449 Staatsmänner
2358 1419 2407 1449 mit
2416 1418 2477 1450 dem

1309 1459 1452 1493 Geschenke
1473 1458 1516 1489 der
1540 1460 1654 1496 Parität
1681 1460 1803 1499 beglückt.
1856 1462 1930 1492 Man
1951 1463 2048 1499 machte
2068 1464 2121 1499 also
2142 1463 2197 1494 eine
2217 1463 2373 1499 freundliche
2393 1464 2478 1496 Mine

1309 1503 1364 1534 und
1379 1504 1541 1542 verschluckte
1556 1504 1595 1535 die
1609 1506 1701 1536 bittere
1714 1507 1795 1543 Pille.
1824 1507 1878 1538 Die
1889 1507 2184 1545 Restaurationsepoche
2199 1516 2252 1539 von
2266 1511 2339 1538 1815
2354 1511 2407 1545 also
2421 1510 2478 1542 und

1310 1550 1350 1579 ein
1371 1550 1481 1585 fremder
1502 1550 1690 1588 Machtspruch
1715 1554 1798 1590 haben
1827 1552 1866 1584 die
1886 1553 1999 1590 Parität
2020 1555 2047 1584 in
2070 1556 2162 1590 unsern
2184 1554 2297 1586 Kanton
2319 1555 2479 1594 eingeführt.

1309 1596 1424 1625 Warum
1448 1596 1496 1632 ließ
1516 1598 1576 1627 aber
1600 1600 1673 1626 1831
1697 1597 1739 1628 der
1759 1599 1902 1634 reformirte
1924 1601 2036 1638 Aargau
2057 1599 2105 1630 den
2137 1600 2401 1641 eingeschmuggelten
2422 1604 2478 1633 Ar¬

1308 1641 1367 1671 tikel
1387 1641 1429 1672 der
1450 1642 1564 1678 Parität
1586 1644 1615 1673 in
1637 1643 1681 1673 der
1702 1644 1792 1674 beiden
1816 1644 2002 1682 Konfessionen
2029 1647 2219 1684 gemeinsamen
2240 1647 2405 1686 Verfassung
2426 1656 2478 1679 un¬

1309 1689 1452 1725 angetastet
1467 1688 1574 1724 stehen?
1596 1704 1633 1711 —
1653 1690 1835 1728 Humanität,
1850 1689 2004 1729 Schonung
2021 1691 2065 1722 der
2081 1691 2245 1729 Schwächen
2261 1692 2307 1722 des
2322 1694 2479 1730 mißleiteten

1308 1732 1433 1762 Bruders
1453 1734 1485 1768 ist
1505 1733 1550 1763 der
1563 1735 1710 1770 Charakter
1730 1736 1808 1772 dieser
1822 1736 1951 1774 Periode,
1973 1737 2029 1766 und
2049 1738 2103 1774 ihm
2124 1738 2252 1769 verdankt
2270 1747 2333 1770 man
2351 1739 2399 1770 den
2414 1741 2478 1771 wei¬

1309 1780 1365 1807 tern
1387 1779 1581 1817 neunjährigen
1599 1781 1772 1817 Fortbestand
1794 1781 1871 1818 dieses
1887 1782 2088 1819 Widerspruchs
2107 1792 2189 1822 gegen
2209 1784 2322 1823 gesunde
2336 1787 2479 1823 Vernunft

1309 1823 1365 1853 und
1387 1823 1435 1854 den
1456 1826 1748 1866 verfassungsmäßigen
1771 1828 1871 1858 Artikel
1891 1828 1935 1859 der
1956 1828 2201 1867 Rechtsgleichheit.
2231 1831 2286 1862 Die
2300 1830 2412 1868 Reform
2433 1832 2478 1863 der

1307 1868 1488 1905 aargauischen
1511 1871 1678 1910 Verfassung
1699 1874 1773 1910 hatte
1793 1874 1888 1904 bereits
1916 1875 1944 1905 in
1974 1874 2031 1905 dem
2053 1874 2177 1911 Schooße
2205 1876 2249 1906 der
2275 1878 2389 1913 obersten
2409 1879 2480 1909 Lan¬

1306 1911 1464 1948 desbehörde
1492 1916 1647 1954 begonnen,
1676 1919 1731 1948 und
1760 1920 1832 1955 sollte
1859 1918 1907 1949 das
1930 1920 2009 1950 Werk
2035 1921 2109 1956 reifer
2137 1922 2334 1962 Ueberlegung,
2361 1924 2478 1963 ruhiger,

1307 1959 1462 1994 besonnener
1491 1960 1547 1990 und
1575 1963 1716 2001 allseitiger
1746 1963 1875 2003 Prüfung
1906 1965 1949 1995 der
1977 1967 2136 2004 gesammten
2164 1967 2478 2007 Kantonalverhältnisse

1308 2004 1428 2042 werden,
1455 2006 1498 2035 als
1520 2006 1563 2037 der
1584 2008 1715 2044 Ueberfall
1736 2009 1780 2040 der
1800 2011 1992 2047 Freienämtler
2013 2010 2062 2042 den
2084 2015 2110 2042 6.
2131 2013 2202 2051 Dez.
2225 2016 2297 2043 1830
2319 2015 2368 2045 das
2394 2016 2476 2055 ruhig

1307 2049 1473 2088 Begonnene
1495 2060 1555 2089 zum
1577 2052 1718 2085 übereilten
1734 2056 1865 2093 Abschluß
1886 2056 2011 2095 drängte.
2047 2058 2091 2093 In
2112 2058 2185 2095 ihren
2200 2059 2328 2095 innersten
2345 2062 2478 2100 heiligsten

1308 2094 1445 2133 Gefühlen
1467 2098 1585 2136 verletzt,
1614 2108 1695 2139 zogen
1717 2102 1763 2138 sich
1783 2102 1847 2132 viele
1869 2103 1989 2139 Freunde
2011 2103 2056 2133 des
2078 2104 2261 2141 Fortschrittes
2287 2111 2339 2137 aus
2361 2107 2416 2137 dem
2438 2117 2478 2140 re¬

1307 2141 1443 2175 formirten
1465 2143 1649 2181 Landestheile
1669 2153 1722 2177 von
1745 2147 1792 2177 den
1816 2147 2067 2187 Staatsgeschäften
2089 2149 2194 2188 zurück;
2225 2151 2319 2183 andere
2340 2156 2404 2188 (nur
2425 2154 2476 2186 mit

1307 2187 1389 2222 tiefem
1410 2187 1557 2220 Bedauren
1579 2192 1694 2228 sprechen
1717 2195 1766 2223 wir
1787 2193 1841 2224 dies
1863 2197 1944 2232 aus),
1967 2195 2094 2226 mitunter
2115 2195 2155 2226 die
2175 2197 2303 2236 fähigsten
2323 2198 2410 2237 Köpfe
2430 2200 2476 2232 der

1306 2232 1507 2272 Reformirten,
1529 2236 1645 2273 schlossen
1669 2238 1716 2275 sich
1737 2238 1780 2269 der
1801 2240 1968 2277 katholischen
1992 2242 2180 2278 Vorrechtler-
2202 2244 2257 2274 und
2278 2246 2477 2287 Pfaffenpartei

1306 2287 1353 2309 an.
1394 2278 1442 2311 So
1463 2281 1563 2313 blieben
1584 2282 1623 2313 die
1643 2282 1739 2323 Zügel
1760 2285 1803 2315 der
1824 2285 1981 2325 Regierung
2012 2287 2061 2319 den
2084 2288 2200 2326 Händen
2228 2291 2296 2321 einer
2321 2294 2474 2330 zuversicht¬

1305 2324 1414 2363 lichern,
1436 2324 1572 2367 kühnern,
1594 2330 1657 2360 aber
1677 2330 1851 2369 keineweges
1872 2333 2052 2372 freisinnigem
2076 2334 2202 2371 Fraktion
2224 2335 2267 2367 der
2288 2337 2477 2369 Vaterlands¬

1304 2370 1410 2405 freunde
1431 2370 1594 2409 überlassen.
1627 2375 1695 2406 Seit
1715 2377 1790 2413 dieser
1811 2378 1878 2413 Zeit
1898 2379 1926 2414 ist
1946 2381 2067 2414 offenbar
2088 2380 2127 2411 die
2146 2382 2295 2421 freisinnige
2314 2385 2409 2421 Partei
2429 2385 2476 2417 der

1304 2415 1461 2453 Katholiken
1483 2419 1510 2449 in
1535 2419 1590 2450 dem
1612 2423 1819 2460 gesetzgebenden
1840 2423 1959 2462 Körper,
1987 2427 2012 2461 so
2035 2427 2097 2457 wie
2112 2427 2140 2458 in
2168 2427 2212 2458 der
2232 2430 2475 2469 Vollziehungsbe¬

1303 2460 1382 2499 hörde
1402 2462 1441 2494 die
1461 2464 1652 2497 dominirende.
1693 2468 1766 2499 Was
1786 2477 1844 2500 wvar
1865 2469 2039 2510 natürlicher,
2068 2473 2110 2502 als
2131 2472 2183 2510 daß
2203 2475 2250 2512 sie,
2278 2482 2324 2505 uim
2344 2477 2405 2511 auch
2432 2476 2476 2508 die

1304 2507 1522 2548 Ungenügsamen
1545 2513 1614 2551 ihrer
1628 2514 1976 2552 Konfessionsverwandten
1995 2526 2029 2555 zu
2048 2519 2208 2557 gewinnen,
2228 2519 2283 2551 und
2298 2520 2342 2552 der
2355 2522 2472 2558 Kloster¬

1303 2555 1386 2590 partei
1401 2558 1560 2595 wenigstens
1575 2568 1649 2590 einen
1665 2560 1745 2598 Theil
1759 2562 1826 2599 ihrer
1840 2563 1989 2601 Anhänger
2002 2572 2036 2602 zu
2051 2565 2196 2603 entziehen,
2214 2564 2278 2597 über
2292 2566 2341 2598 den
2356 2568 2474 2600 Grund¬

1303 2602 1346 2636 satz
1362 2600 1405 2630 der
1418 2603 1533 2639 Parität
1548 2605 1572 2640 so
1587 2606 1795 2645 stillschweigend
1811 2608 1852 2638 als
1867 2607 1976 2651 möglich
1989 2611 2173 2649 weggingen?
2204 2613 2277 2648 Auch
2292 2612 2332 2644 die
2345 2622 2378 2653 zu
2392 2615 2473 2652 ihnen

1303 2646 1415 2683 stehende
1428 2650 1583 2688 reformirte,
1599 2652 1749 2691 freisinnige
1763 2654 1858 2690 Partei
1873 2655 1989 2693 schwieg,
2010 2662 2055 2686 um
2073 2657 2140 2691 nicht
2154 2665 2238 2689 neuen
2254 2659 2477 2700 Gährungsstoff

1301 2694 1468 2733 aufzuregen.
1491 2696 1561 2727 Nun
1573 2712 1612 2719 —
1625 2700 1712 2737 1840,
1726 2700 1754 2730 in
1770 2699 1814 2730 der
1827 2699 2077 2738 Revisionsperiode
2091 2718 2129 2724 —
2138 2704 2183 2740 soll
2198 2703 2242 2735 der
2256 2713 2340 2745 ganze
2354 2708 2474 2739 Neubau

1301 2737 1516 2777 durchgemustert
1537 2742 1661 2780 werden;
1691 2745 1897 2784 eingeschlichene
1919 2748 2013 2785 Fehler
2035 2749 2112 2785 sollen
2139 2751 2292 2789 verbessert,
2319 2754 2400 2791 stehen
2427 2763 2474 2792 ge¬

1300 2784 1430 2824 bliebene,
1461 2786 1603 2820 modernde
1623 2789 1771 2822 Trümmer
1791 2792 1938 2831 verjährter
1958 2794 2134 2832 Vorurtheile
2154 2796 2218 2833 nach
2238 2796 2409 2837 Möglichkeit
2429 2801 2471 2829 be¬

1300 2831 1403 2870 seitigt,
1430 2831 1480 2863 das
1501 2832 1545 2869 für
1565 2834 1606 2866 die
1626 2836 1726 2873 nächste
1744 2838 1873 2875 Zukunft
1894 2838 2109 2879 fortzuführende
2130 2842 2211 2873 Werk
2238 2844 2286 2874 mit
2306 2843 2387 2882 Ruhe
2412 2845 2470 2877 und

1299 2876 1500 2916 Besonnenheit
1520 2881 1689 2921 besprochen,
1710 2884 1738 2915 in
1760 2885 1870 2921 scharfen
1885 2886 2011 2923 Umrissen
2033 2888 2151 2925 planirt,
2172 2889 2221 2919 mit
2233 2889 2391 2929 geschickter,
2412 2892 2472 2928 flei¬

1298 2922 1385 2961 ßiger,
1407 2925 1493 2955 treuer
1511 2926 1598 2963 Hand
1618 2930 1769 2968 ausgebaut
1790 2930 1910 2969 werden,
1942 2933 1984 2962 ein
2004 2932 2100 2971 Werk,
2131 2933 2180 2964 das
2202 2939 2255 2965 uns
2275 2934 2316 2966 die
2334 2938 2471 2969 Anerken¬

1299 2972 1373 3007 nung
1395 2967 1439 3007 der
1453 2970 1581 3004 Mitwelt
1603 2974 1658 3004 und
1680 2974 1727 3006 den
1743 2977 1827 3008 Dank
1839 2977 1924 3015 später
1939 2978 2023 3009 Enkel
2039 2979 2176 3011 verdienen
2193 2982 2277 3017 soll."
2299 2998 2338 3011 —
2360 2984 2468 3022 Gleich¬

1298 3015 1369 3052 wohl
1388 3016 1468 3054 sagen
1492 3017 1532 3048 die
1553 3019 1688 3058 Verfasser
1708 3030 1750 3053 am
1773 3022 1850 3054 Ende
1872 3023 1918 3058 des
1940 3023 2142 3062 Schriftchens:
2173 3028 2255 3063 „wir
2282 3030 2378 3061 wollen
2399 3031 2470 3067 nicht

1298 3061 1389 3099 Alles,
1410 3067 1470 3094 was
1491 3065 1543 3095 wir
1564 3065 1676 3106 dürfen,
1695 3068 1806 3104 sondern
1827 3077 1880 3101 nur
1898 3072 1925 3107 so
1944 3070 2015 3110 viel,
2034 3072 2079 3102 als
2099 3075 2154 3102 uns
2167 3073 2365 3113 augenblicklich
2378 3078 2468 3110 unsere

1296 3107 1423 3144 politische
1444 3110 1515 3147 Ehre
1536 3111 1592 3142 und
1613 3114 1715 3151 Pflicht
1734 3123 1768 3154 zu
1788 3115 1892 3152 fordern
1915 3115 2032 3156 nöthigt.
2074 3119 2137 3149 Wir
2157 3118 2293 3157 wünschen
2314 3129 2378 3159 nur,
2404 3124 2466 3153 was

1295 3153 1481 3194 gegenwärtig
1503 3158 1572 3194 nicht
1591 3167 1625 3197 zu
1647 3158 1783 3198 wünschen
1805 3162 1854 3193 wir
1875 3161 1918 3199 für
1933 3164 2054 3202 Verrath
2076 3173 2110 3196 an
2133 3168 2234 3203 unserm
2255 3168 2331 3201 ersten
2347 3167 2465 3207 Prinzip

1296 3198 1340 3229 der
1354 3199 1608 3243 Rechtsgleichheit,
1628 3212 1665 3237 an
1686 3209 1789 3245 unserer
1810 3210 2033 3247 protestantischen
2047 3211 2156 3250 Kirche,
2176 3220 2211 3242 an
2232 3213 2332 3248 unserer
2350 3215 2466 3250 obersten

1296 3244 1517 3286 Staatsbehörde
1539 3252 1610 3288 selbst
1624 3255 1735 3290 ansehen
1750 3253 1900 3287 würden."
1933 3257 2071 3294 Demnach
2086 3258 2198 3297 schlagen
2214 3258 2245 3295 sie
2258 3265 2324 3290 vor:
2347 3263 2376 3295 1)
2397 3262 2466 3294 Das

1295 3292 1422 3332 bisherige
1442 3296 1609 3336 paritätische
1624 3300 1790 3338 Verhältniß
1812 3302 1849 3333 bei
1870 3304 1914 3334 der
1927 3303 2081 3342 Besetzung,
2094 3303 2138 3334 des
2158 3303 2208 3335 Kl.
2221 3304 2316 3344 Raths
2338 3307 2395 3339 und
2416 3308 2463 3340 des
