2096 2480
186 149 379 248 Nro.
417 148 574 268 78.

1434 160 1776 233 1820

97 326 676 465 Zürcher-

1314 315 1889 452 Zeitung.

263 492 523 554 Freytag,

1399 488 1491 541 den
1491 488 1565 541 29.
1565 488 1809 541 September.

88 613 214 643 Gedruckt
227 614 278 642 und
294 620 322 645 zu
337 613 422 646 finden
436 612 463 641 in
477 612 525 640 der
536 612 741 645 Buchhandlung
755 619 804 640 von
819 611 938 641 Orell,
966 609 1073 646 Füßli
1085 610 1134 637 und
1154 607 1371 639 Compagnie
1381 604 1436 633 und
1447 605 1496 639 auf
1502 604 1574 636 allen
1583 602 1711 634 Schweiz.
1723 600 1896 634 Postämtern.

125 687 255 720 Portugal
273 685 429 719 (Proklama
429 685 483 719 der
504 683 668 718 Königlichen
691 683 838 719 Regierung
858 691 886 715 zu
905 684 1040 717 Lissabon).
1080 681 1201 713 Spanien
1224 680 1410 715 (Vollständige
1426 679 1530 713 Adresse
1546 680 1591 709 des
1608 680 1669 710 Don
1686 676 1770 711 Riego
1786 677 1836 705 und
1849 676 1895 704 der

164 721 400 753 National-Armee
416 722 461 755 auf
475 722 518 750 der
533 722 609 755 Insel
629 724 717 754 Leon).
756 720 900 755 Frankreich
920 720 1155 753 (Anschlagszeddel
1170 725 1204 750 zu
1223 718 1332 752 Dijon).
1370 717 1539 749 Deutschland
1554 715 1717 750 (Wörtlicher
1740 715 1836 749 Inhalt
1849 713 1897 743 der

165 759 349 793 vertraulichen
369 758 541 791 Eröffnungen
561 759 605 786 des
618 757 823 790 Oestreichischen
837 756 930 792 Hofes
930 756 967 792 an
985 756 1024 785 die
1037 752 1181 788 Deutschen
1198 754 1264 787 Höfe
1285 755 1343 783 über
1361 753 1401 781 die
1417 753 1554 787 Ereignisse
1569 761 1597 785 zu
1611 752 1720 783 Neapel.
1758 752 1894 784 Truppen¬

166 796 276 827 märsche
295 789 352 823 nach
368 795 512 829 Italien).
536 794 638 827 Italien
660 793 798 828 (Schicksal
814 800 861 822 von
878 787 1076 827 Caltanisetta).
1114 790 1309 821 Süd-Amerika
1330 789 1467 825 (Wichtige
1481 789 1644 823 Nachrichten
1664 790 1712 817 aus
1729 786 1891 820 Columbia).

410 869 674 903 Portugal.

128 913 184 942 Die
201 913 355 953 Regierung
367 912 392 940 in
410 908 549 947 Lissabon
567 912 610 944 hat
627 915 729 941 unterm
745 917 778 947 4.
790 911 871 944 Sept.
888 910 984 945 folgen¬

93 954 142 985 des
160 957 295 988 Proklama
315 956 444 988 erlassen:

131 999 380 1035 „Portugiesen!
402 997 462 1034 Die
462 997 649 1034 Gouverneurs
660 998 704 1027 des
715 996 897 1030 Königreichs,
913 995 985 1026 über¬

92 1048 167 1078 zeugt
185 1050 233 1072 von
257 1044 299 1071 der
321 1043 399 1074 hohen
422 1041 538 1076 Gefahr,
571 1042 673 1071 welcher
692 1040 732 1070 die
752 1039 851 1071 Nation
873 1039 923 1067 und
945 1038 985 1068 die

94 1086 250 1116 Monarchie
270 1085 408 1119 ausgesetzt
426 1083 470 1116 ist,
492 1082 565 1112 wenn
584 1084 624 1114 die
641 1085 716 1113 durch
733 1084 779 1112 den
798 1083 921 1115 Aufstand
943 1083 985 1110 der

95 1129 187 1159 Stadt
202 1129 335 1162 Oporto
354 1128 514 1161 entstandene
533 1126 610 1158 Krise
626 1127 714 1160 länger
729 1127 838 1157 dauert,
856 1124 940 1155 indem
955 1124 985 1159 sie

95 1179 147 1200 von
167 1173 215 1202 den
231 1171 477 1205 außerordentlichen
495 1170 701 1201 Vollmachten,
701 1170 794 1201 welche
813 1168 893 1202 ihnen
910 1170 985 1200 recht¬

93 1215 287 1250 mäßigerweise
311 1215 353 1248 für
376 1213 517 1247 schwierige
534 1211 667 1244 Umstände
690 1211 807 1245 zustehen
809 1209 842 1244 ,
854 1211 986 1242 Gebrauch

93 1262 197 1290 machen
208 1276 215 1289 ,
235 1259 285 1289 und
297 1275 305 1290 ,
326 1259 442 1286 nachdem
459 1256 495 1289 sie
517 1255 558 1289 sich
579 1256 627 1284 mit
650 1254 720 1284 einer
738 1253 829 1289 großen
850 1254 912 1288 Zahl
936 1260 987 1282 von

81 1294 226 1337 Personen
244 1303 293 1330 aus
309 1301 365 1329 dem
378 1300 465 1331 Rathe
482 1298 535 1328 Sr.
549 1298 679 1332 Majestät
694 1298 814 1329 berathen
823 1313 833 1330 ,
850 1297 931 1330 haben
950 1297 986 1326 im

94 1345 199 1375 Namen
219 1344 263 1373 des
282 1343 401 1377 Königs,
422 1342 514 1376 unsers
534 1342 634 1376 Herrn,
656 1340 812 1374 beschlossen,
833 1340 873 1369 die
891 1341 986 1371 Cortes

92 1387 376 1421 zusammenzuberufen
391 1387 443 1414 und
460 1385 586 1418 alsogleich
609 1385 662 1413 eine
677 1382 843 1416 Kommission
860 1383 987 1426 niederzu¬

94 1431 187 1466 setzen,
208 1430 297 1463 welche
315 1429 356 1458 die
370 1428 491 1462 nöthigen
508 1427 634 1457 Arbeiten
653 1433 695 1458 zur
712 1425 866 1460 schleunigen
884 1427 986 1462 Zustan¬

92 1474 254 1508 debringung
279 1472 360 1504 dieser
382 1471 580 1504 Versammlung
609 1471 793 1501 vorzunehmen
821 1470 895 1501 hat.
931 1470 989 1500 Die

93 1517 286 1547 Gouverneurs
308 1516 355 1544 des
374 1513 539 1549 Königreichs
558 1513 656 1547 hoffen,
675 1512 723 1546 daß
746 1511 802 1541 eine
820 1512 985 1546 Maaßregel,

93 1560 185 1590 welche
205 1559 229 1592 so
253 1557 369 1590 deutlich
379 1558 428 1586 den
445 1557 596 1589 Entschluß
596 1557 712 1589 darthut
721 1573 729 1588 ,
758 1554 797 1585 die
818 1555 915 1586 Bitten
934 1557 984 1585 und

91 1602 221 1635 Wünsche
245 1602 289 1631 des
311 1602 394 1633 Volks
415 1598 577 1632 anzuhören,
609 1599 650 1628 die
673 1606 748 1632 ganze
766 1598 868 1628 Nation
889 1606 932 1628 um
952 1599 986 1628 ei¬

95 1646 144 1675 nen
162 1642 352 1681 gemeinamen
371 1643 549 1676 Mittelpunkt
570 1642 719 1676 vereinigen
735 1641 833 1674 werde,
864 1644 914 1670 und
928 1642 985 1676 daß

95 1691 144 1719 alle
160 1688 279 1723 Klassen,
306 1690 355 1717 aus
374 1689 456 1717 denen
477 1685 583 1719 dieselbe
608 1686 719 1719 besteht,
744 1684 785 1715 die
802 1684 985 1720 Nothwendig¬

97 1733 154 1767 keit
164 1732 281 1765 einsehen
300 1732 416 1762 werden,
436 1730 503 1762 diese
520 1728 698 1763 Vereinigung
720 1729 831 1763 aufrecht
853 1736 882 1760 zu
905 1730 985 1762 erhal¬

98 1780 157 1807 ten,
176 1782 220 1805 um
246 1775 293 1803 das
312 1774 417 1807 Unglück
432 1774 475 1802 der
495 1771 634 1804 Anarchie,
658 1772 704 1801 des
727 1771 919 1807 Bürgerkriegs
932 1772 983 1801 und

96 1815 226 1849 vielleicht
226 1815 281 1849 des
298 1817 388 1846 Ruins
408 1817 452 1845 der
463 1816 617 1846 Monarchie
630 1823 660 1848 zu
677 1815 842 1848 verhindern.
842 1815 888 1848 —
888 1815 986 1848 Unter¬

94 1861 221 1894 zeichnet:
254 1861 405 1892 Cardeal,
434 1858 587 1892 Patriarch;
606 1858 748 1894 Marquis
770 1865 832 1889 von
851 1859 985 1894 Borha,

97 1905 166 1939 Graf
185 1912 250 1935 von
271 1903 415 1940 Peniche,
448 1901 520 1935 Graf
541 1908 607 1935 von
633 1903 746 1940 Feira,
774 1904 863 1932 Anton
888 1905 985 1936 Gomez

98 1944 255 1980 Ribeiro."

420 1989 666 2023 Spanien.

132 2037 274 2073 Folgendes
285 2036 332 2071 ist,
348 2025 399 2064 aus
415 2036 462 2064 den
474 2031 760 2068 Cadizer-Zeitungen
773 2037 830 2060 vom
845 2038 888 2066 15.
898 2034 990 2067 Aug.,

93 2080 134 2111 die
155 2079 337 2115 merkwürdige
359 2079 458 2112 Adresse
482 2086 515 2106 an
540 2078 595 2106 den
609 2075 708 2110 König,
727 2074 838 2104 wodurch
863 2073 905 2113 sich
924 2075 966 2104 die
974 2092 983 2104 ,

94 2124 145 2157 auf
158 2123 202 2155 der
219 2125 297 2161 Insel
313 2124 393 2155 Leon
402 2139 409 2152 ,
430 2125 507 2151 unter
529 2119 695 2151 Kommando
695 2119 750 2151 des
769 2120 830 2150 Don
846 2116 986 2152 Raphael

93 2165 228 2204 Riego,
228 2165 295 2204 Don
306 2167 411 2204 Felipe
424 2166 506 2196 Arco
517 2166 646 2200 Aguero
657 2164 708 2192 und
722 2164 782 2193 Don
791 2162 901 2196 Lopez
901 2162 986 2196 Ban¬

94 2218 155 2242 nos
173 2212 350 2244 versammelte
369 2210 430 2245 erste
451 2206 678 2243 Nationalarmee
678 2206 795 2243 (primer
810 2206 928 2240 ejercito
928 2206 986 2240 na¬

92 2251 197 2286 tional
208 2248 349 2289 weigerte,
367 2253 427 2283 dem
444 2252 483 2284 ihr
497 2249 569 2282 durch
589 2250 636 2279 den
652 2249 758 2283 vorigen
774 2248 985 2284 Kriegsminister

88 2285 982 2333 Marquis de las Amarillas zugekommenen Befehle, sich
1010 867 1152 900 aufzulösen
1173 868 1224 896 und
1244 868 1377 902 getrennte
1394 864 1623 900 Kantonuirungen
1639 870 1667 895 zu
1681 862 1781 895 beziehn
1790 870 1798 894 ;
1817 863 1894 898 Folge

1009 919 1038 944 zu
1059 910 1154 945 leisten.
1193 908 1318 944 „Sire!
1337 908 1396 939 Wir
1410 907 1565 940 wünschten,
1585 906 1631 939 daß
1644 908 1716 935 Allen
1733 905 1892 939 denjenigen,

1011 954 1051 984 die
1071 954 1125 983 Ew.
1143 953 1216 987 Maj.
1231 953 1372 987 umgeben,
1392 951 1434 981 die
1452 948 1645 984 Aufrichtigkeit
1662 949 1764 979 unserer
1781 948 1893 981 Gefühle

1010 1004 1059 1026 von
1083 997 1176 1026 Grund
1195 998 1243 1025 aus
1261 996 1368 1026 bekannt
1385 987 1476 1026 wäre,
1493 993 1544 1021 und
1564 993 1611 1025 daß
1631 991 1663 1026 sie
1686 992 1745 1021 eben
1766 991 1790 1023 so
1810 992 1896 1024 wahre

1011 1041 1097 1070 Treue
1116 1038 1222 1073 besäßen
1241 1039 1283 1068 als
1303 1038 1366 1069 wir,
1383 1036 1465 1067 damit
1479 1036 1625 1071 Spanien
1637 1034 1708 1065 eines
1721 1035 1813 1069 ewigen
1827 1030 1897 1066 Glü¬

1012 1079 1061 1112 ckes
1081 1081 1175 1116 genösse
1182 1082 1201 1114 ,
1223 1081 1308 1110 indem
1329 1081 1359 1111 es
1378 1080 1428 1113 auf
1445 1080 1502 1109 dem
1518 1081 1596 1113 Wege
1619 1078 1832 1113 fortwandelte,
1844 1078 1900 1106 den

1011 1126 1055 1155 der
1068 1123 1185 1159 Himmel
1205 1123 1419 1159 glücklicherweise
1440 1121 1571 1159 öffnete,
1571 1121 1631 1159 um
1631 1121 1741 1159 dasselbe
1761 1121 1800 1154 zu
1800 1121 1900 1154 erlan¬

1011 1175 1057 1203 gen
1068 1185 1076 1200 ,
1094 1164 1146 1197 und
1154 1166 1244 1197 damit
1257 1166 1317 1201 Ew.
1317 1166 1450 1201 Majestät
1470 1166 1506 1200 in
1506 1166 1602 1200 Ruhe
1602 1166 1683 1200 sehen
1701 1164 1809 1195 könnten
1816 1173 1828 1198 ,
1835 1163 1901 1193 wie

1011 1208 1070 1247 Ihr
1070 1208 1252 1247 Wohlergehen
1252 1208 1307 1247 und
1321 1210 1373 1245 Ihr
1385 1209 1475 1242 Ruhm
1490 1209 1564 1241 durch
1582 1209 1628 1239 den
1642 1207 1781 1241 Entschluß
1789 1207 1900 1239 wächst,

1012 1256 1062 1285 den
1078 1255 1141 1288 Ew.
1141 1255 1220 1288 Maj.
1227 1253 1289 1283 mit
1313 1251 1349 1287 so
1349 1251 1408 1287 viel
1428 1250 1592 1285 Seelenadel
1592 1250 1719 1285 ergriffen
1734 1250 1839 1284 haben,
1848 1256 1902 1280 um

1013 1299 1070 1327 eine
1085 1294 1196 1331 Nation
1196 1294 1319 1331 glücklich
1335 1303 1365 1328 zu
1384 1296 1498 1327 machen,
1514 1295 1566 1327 die
1566 1295 1618 1327 der
1633 1294 1737 1327 ganzen
1737 1294 1818 1327 Welt
1833 1292 1901 1323 wie¬

1011 1339 1125 1372 derholte
1143 1340 1259 1373 Beweise
1279 1339 1385 1373 gegeben
1403 1340 1447 1368 hat
1455 1351 1467 1369 ,
1484 1338 1570 1369 welche
1583 1336 1655 1368 Liebe
1671 1335 1702 1370 sie
1720 1344 1750 1368 zu
1761 1336 1843 1371 Ihrer
1857 1340 1899 1366 er¬

1011 1384 1122 1418 habenen
1139 1383 1239 1418 Person
1256 1383 1332 1417 trägt.
1370 1383 1452 1412 Dann
1469 1382 1578 1412 würden
1589 1381 1655 1411 wir
1655 1381 1721 1411 ohne
1738 1381 1841 1415 Furcht
1841 1381 1901 1415 vor

1011 1428 1175 1462 ungerechten
1182 1428 1370 1461 Auslegungen
1387 1432 1440 1454 vor
1451 1427 1505 1455 Ew.
1523 1425 1595 1458 Maj.
1613 1425 1774 1456 hintreten
1774 1425 1828 1456 um
1844 1431 1905 1458 un¬

1012 1472 1064 1503 sere
1076 1470 1247 1504 Meynungen
1265 1477 1293 1502 zu
1308 1470 1403 1504 sagen,
1421 1469 1472 1498 und
1485 1468 1531 1501 auf
1545 1468 1619 1497 deren
1631 1466 1824 1501 Aufrichtigkeit
1835 1470 1903 1501 ver¬

1010 1516 1112 1544 trauen.
1148 1514 1209 1543 Der
1221 1512 1385 1547 Königliche,
1403 1515 1453 1541 aus
1472 1512 1528 1541 dem
1540 1510 1802 1548 Kriegssekretariate
1819 1510 1903 1544 erlas¬

1012 1557 1068 1590 sene
1090 1556 1184 1589 Befehl
1206 1563 1271 1584 vom
1286 1563 1313 1590 4.
1325 1554 1356 1584 d.
1374 1556 1441 1586 M.,
1466 1555 1520 1584 der
1532 1553 1627 1589 dieses
1627 1553 1903 1589 Beobachtungsheer

1010 1599 1125 1632 auflöst,
1151 1599 1202 1629 und
1220 1602 1274 1628 uns
1294 1602 1397 1627 unterm
1417 1599 1461 1632 gl.
1470 1599 1518 1629 M.
1542 1605 1594 1627 von
1609 1599 1666 1626 dem
1683 1593 1726 1632 H.
1726 1593 1901 1632 Generalka¬

1008 1641 1094 1678 pitain
1117 1649 1165 1672 von
1186 1642 1391 1676 Andalusien,
1427 1637 1493 1682 Don
1493 1637 1597 1682 Juan
1597 1637 1801 1682 ODonoja
1800 1637 1898 1674 mitge¬

1010 1685 1086 1717 theilt
1108 1685 1194 1715 wurde
1202 1703 1210 1717 ,
1240 1686 1367 1715 benimmt'
1383 1686 1433 1716 uns
1452 1684 1493 1714 die
1514 1684 1722 1720 schmeichelhafte
1743 1683 1894 1718 Hoffnung,

1009 1728 1057 1763 daß
1072 1728 1160 1768 dieser
1160 1728 1325 1768 Vorstellung
1338 1727 1382 1757 der
1396 1727 1524 1763 Empfang
1533 1727 1634 1759 werde,
1649 1727 1697 1757 den
1716 1726 1745 1758 sie
1760 1726 1875 1759 verdient
1882 1732 1905 1760 ;

1009 1772 1074 1801 denn
1092 1777 1119 1799 er
1139 1770 1205 1804 zeigt
1218 1773 1284 1802 uns,
1304 1770 1351 1805 daß
1369 1769 1425 1799 eine
1440 1770 1501 1803 dem
1501 1770 1598 1803 Guten
1620 1769 1750 1803 feindliche
1764 1769 1837 1810 Hand
1850 1764 1908 1807 die

1008 1812 1179 1850 Handlungen
1199 1813 1246 1842 des
1262 1813 1466 1846 Ministeriums
1477 1814 1584 1847 leitet
1584 1814 1641 1847 und
1663 1813 1712 1842 mit
1720 1812 1901 1850 Geschicklich¬

1010 1857 1061 1887 keit
1079 1857 1119 1886 die
1138 1856 1257 1888 Nation,
1277 1859 1330 1887 Ew.
1348 1855 1498 1891 Majestät,
1510 1858 1557 1891 das
1577 1857 1671 1892 Heer,
1671 1857 1732 1892 und
1751 1856 1816 1891 uns
1816 1856 1903 1891 selbst

1010 1901 1054 1931 ins
1062 1901 1209 1934 Verderben
1223 1900 1313 1933 führt;
1333 1900 1401 1932 uns,
1420 1899 1460 1930 die
1472 1900 1519 1930 wir
1532 1901 1574 1932 nie
1585 1902 1667 1931 etwas
1681 1901 1704 1935 so
1720 1900 1775 1933 sehr
1788 1895 1903 1936 wünsch¬

1009 1948 1073 1975 ten,
1105 1944 1147 1972 als
1168 1942 1216 1972 das
1235 1942 1448 1977 konstitutionelle
1459 1945 1569 1981 System
1585 1943 1731 1978 eingeführt
1750 1945 1786 1975 zu
1807 1942 1915 1981 sehen,

1010 1987 1113 2017 welches
1131 1987 1187 2016 Ew.
1202 1986 1275 2019 Maj.
1291 1986 1385 2019 Macht
1398 1986 1449 2015 und
1464 1986 1549 2020 Größe
1562 1986 1710 2021 versichert,
1719 1985 1772 2019 die
1772 1985 1828 2019 Sie
1842 1985 1905 2019 nie¬

1009 2030 1077 2059 mals
1098 2030 1147 2059 mit
1163 2029 1245 2060 einem
1261 2030 1356 2063 andern
1368 2030 1480 2064 System
1487 2030 1579 2065 finden
1596 2029 1713 2063 werden,
1732 2028 1779 2068 wie
1792 2028 1832 2068 es
1839 2030 1908 2066 Ew.

1009 2072 1080 2106 Maj.
1100 2072 1126 2103 in
1147 2073 1195 2103 den
1205 2074 1314 2108 Jahren
1331 2072 1521 2107 schmerzhaften
1544 2074 1714 2104 Andenkens,
1741 2071 1783 2110 in
1783 2071 1910 2110 welchem

1012 2117 1064 2147 Sie
1085 2115 1132 2154 sich
1148 2117 1204 2157 von
1204 2117 1370 2157 verderten
1384 2116 1566 2151 Unwissenden
1566 2116 1632 2151 und
1649 2122 1696 2144 von
1715 2114 1787 2151 ihrer
1787 2114 1903 2151 Nation

1011 2160 1124 2194 fremden
1140 2160 1283 2197 Ministern
1307 2161 1428 2196 umgeben
1451 2162 1505 2193 und
1516 2154 1667 2199 beherrscht
1667 2154 1782 2199 sahen,
1782 2154 1830 2199 so
1830 2154 1908 2199 sehr

1012 2201 1064 2243 auf
1071 2205 1163 2240 Kosten
1181 2205 1225 2237 der
1241 2205 1308 2235 Ehre
1326 2204 1378 2234 und
1391 2195 1450 2252 des
1450 2195 1547 2252 Glücks
1562 2202 1734 2240 Spaniens
1734 2202 1845 2240 erprobt
1845 2202 1899 2240 ha¬

1011 2250 1067 2280 ben.
1110 2247 1170 2281 Wir
1190 2247 1285 2283 sagen,
1311 2246 1393 2280 Sire,
1420 2247 1479 2279 mirt
1489 2245 1646 2282 Offenheit,
1646 2245 1703 2282 daß
1713 2245 1777 2278 jene
1799 2235 1908 2283 verbor¬

1008 2297 1072 2329 gene
1077 2292 1174 2329 Hand,
1194 2292 1235 2326 die
1248 2292 1350 2327 Nation
1360 2290 1419 2326 und
1419 2290 1488 2326 Ew.
1488 2290 1559 2326 Maj.
1571 2290 1601 2322 in
1614 2289 1665 2324 den
1665 2289 1789 2324 Abgrund
1804 2287 1878 2324 stürzt
1888 2297 1908 2323 ;
