2135 2953
150 88 377 109 Vorausbezahltes

174 110 258 138 Franco
264 110 327 136 durch
338 109 377 137 die

182 142 251 165 ganze

216 169 324 194 Jährlich

169 198 331 225 Schwzrfrn.
331 198 375 225 10.

146 228 406 262 Einrückungsgebühr:

132 263 179 286 Der
187 264 260 286 Raum
274 263 326 285 einer
340 263 409 286 Petit-¬

167 288 225 318 Zeile
234 295 246 315 4
255 295 301 319 Krz.
315 287 372 315 z.v.

962 73 988 99 -l,
1025 73 1046 100 1
1059 85 1072 100 ♦

136 355 215 381 Briefe
215 355 241 381 u.
253 356 305 377 Geld
320 355 407 378 franco.

122 424 366 482 Dienstag

1835 76 2004 100 Bestellungen

1783 100 1819 127 für
1841 100 1877 125 die
1894 99 1992 129 Schweiz
2013 102 2056 122 und

1783 123 1916 149 Deutschland
1922 130 1947 149 ic.
1961 125 2054 149 besorgen

1782 150 1828 173 alle
1834 153 1854 175 l.
1862 152 2011 177 Postämter:
2018 149 2055 179 für

1785 178 1895 204 England,
1903 176 2018 203 Frankreich
2025 181 2056 199 ic.

1779 200 1826 232 u.d.
1831 201 1971 231 überseeischen
1979 203 2053 228 Länder

1786 233 1828 264 Hr.
1834 231 1875 262 G.
1880 233 1916 261 A.
1925 233 2058 263 Alexandre

1816 268 1951 293 Brandgasse,
1975 266 2013 299 28,

1829 291 1868 319 in
1868 291 2008 319 Straßburg.

1785 349 1861 375 Briefe
1861 349 1898 375 u.
1898 349 1956 375 Geld
1956 349 2080 375 Franco.

916 367 1101 404 Dreißigster
1107 365 1269 408 Jahrgang

443 159 742 297 Neue
757 163 1744 291 Zürcher-Zeitung.

1513 425 1598 472 Mn
1626 410 1696 474 M
1710 424 1905 467 November
1933 424 1992 468 18
1992 419 2076 478 M

724 472 816 517 Druck
816 472 887 517 und
887 472 1009 517 Verlag
1009 472 1072 518 von
1091 476 1186 517 Orell,
1186 476 1286 517 Füßli
1286 476 1358 517 und
1358 476 1461 517 Comp.

304 620 375 652 Die
397 619 659 660 gegenwärtige
682 619 882 653 Situation.

168 708 245 744 Nach
261 709 304 738 der
323 708 401 744 Eidg.
413 708 476 744 Ztg.
493 708 615 745 „handelt
630 707 661 745 es
661 707 720 745 sich
734 707 904 744 gegenwärtig
915 708 942 736 in
952 708 1075 744 Deutsch¬

114 749 187 784 land,
209 751 333 786 vielleicht
351 751 381 779 in
401 750 525 786 Europa,
552 755 661 787 darum,
693 751 728 780 ob
744 752 782 779 die
801 751 884 787 letzten
903 752 1015 784 Spuren
1030 753 1074 784 der

112 792 278 822 Revolution
296 798 351 823 von
374 793 442 823 1848
462 794 570 830 vertilgt
587 797 685 823 werden
703 793 793 828 sollen.
830 793 920 829 Gegen
933 794 993 829 diese
1006 793 1066 822 Ver¬

111 835 229 873 tilgung,
242 837 368 871 befohlen
387 840 439 866 von
459 837 603 873 Warschau
622 839 672 865 aus
692 840 746 865 und
766 836 880 866 exekutirt
900 841 953 866 von
970 836 1066 871 Oester¬

109 877 185 914 reich,
208 879 274 916 stehe
287 879 411 915 Preußen
424 879 473 907 mit
485 879 575 914 seinem
588 880 713 909 relativen
726 878 926 914 Liberalismus,
936 878 1083 913 Preußen,

108 921 157 947 das
189 925 253 959 trotz
281 922 359 958 seiner
389 922 565 958 zweideutigen
589 921 707 956 Politik,
739 922 783 955 für
806 921 846 950 die
875 922 1070 958 Umgestaltung

109 962 303 1001 Deutschlands
322 965 375 1001 sein
395 965 475 993 Wort
493 967 550 994 und
565 966 627 1000 seine
647 965 715 1001 Ehre
734 963 893 999 verpfändet.
944 964 1002 998 Auf
1019 965 1070 995 die¬

108 1006 155 1040 sem
171 1006 351 1043 Widerstande
359 1008 496 1043 Preußens
509 1008 618 1043 beruhen
630 1009 669 1037 die
682 1008 763 1045 letzten
772 1008 939 1043 Hoffnungen
946 1007 1069 1043 Deutsch¬

106 1047 198 1079 lands.
239 1051 456 1089 Wahrscheinlich
471 1053 550 1080 werde
566 1053 592 1079 es
613 1051 727 1084 seinen
746 1050 961 1086 Widerstand
981 1050 1068 1086 nicht

106 1091 159 1121 bis
181 1102 254 1130 zum
280 1093 408 1129 Kriege
433 1093 578 1128 treiben,
603 1094 662 1123 aber
679 1093 792 1129 möglich
812 1092 881 1121 wäre
899 1093 974 1127 dieses
993 1093 1064 1128 doch,

105 1133 225 1171 weßhalb
256 1140 303 1165 das
330 1135 570 1173 Marschirenlassen
595 1140 653 1166 von
673 1137 793 1169 300,000
818 1135 908 1164 Mann
928 1136 993 1164 keine
1011 1135 1067 1165 Ko¬

103 1175 201 1214 mödie,
223 1180 329 1215 sondern
350 1179 405 1214 eher
425 1180 479 1207 eine
496 1178 629 1215 Tragödie
648 1179 682 1214 sei
700 1188 728 1207 u.
749 1178 766 1214 s.
786 1184 838 1206 w.
891 1178 936 1207 So
961 1178 1066 1214 urtheilt

102 1220 140 1248 die
162 1221 244 1259 Eidg.
265 1222 329 1258 Ztg.
351 1229 403 1250 und
422 1224 504 1250 nennt
523 1226 549 1251 es
569 1223 621 1252 eine
640 1221 820 1256 Blasphemie,
842 1227 916 1250 wenn
936 1229 997 1249 man
1016 1222 1064 1249 das

102 1262 241 1298 Ersterben
260 1267 304 1293 der
322 1264 406 1301 letzten
424 1264 596 1301 Hoffnungen
617 1265 687 1294 eines
711 1264 808 1300 großen
832 1263 970 1298 gebildeten
994 1263 1065 1292 Vol¬

100 1304 141 1333 kes
163 1308 214 1336 mit
233 1311 288 1337 dem
307 1306 470 1343 Auslöschen
489 1307 556 1336 einer
574 1308 769 1342 Theaterlampe
787 1305 933 1342 vergleiche.

152 1349 270 1386 Letzterer
288 1349 423 1386 Vergleich
437 1349 532 1379 kommt
542 1351 612 1388 nicht
623 1354 675 1380 von
689 1352 752 1383 uns,
773 1349 833 1384 darf
845 1353 899 1377 uns
911 1349 986 1383 daher
1001 1349 1062 1385 auch

98 1390 170 1427 nicht
184 1401 244 1430 zum
261 1392 393 1427 Vorwurf
403 1394 516 1428 gemacht
529 1400 640 1428 werden;
660 1395 724 1421 denn
739 1392 788 1420 wir
798 1394 912 1420 nannten
926 1391 1062 1421 ausdrück¬

96 1431 147 1471 lich
161 1436 210 1464 den
225 1434 560 1471 Mobilisirungsbeschluß,
579 1437 621 1464 der
634 1439 685 1465 uns
699 1443 735 1463 an
753 1437 802 1463 das
820 1434 1061 1471 Lichterauslöschen

97 1475 221 1507 erinnere.
270 1478 332 1506 Wir
353 1477 466 1513 glauben
486 1477 545 1507 aber
566 1479 627 1514 auch
648 1477 718 1514 nicht
735 1485 769 1509 an
789 1477 830 1509 ein
851 1476 1000 1512 „Ersterben
1018 1479 1062 1506 der

93 1518 180 1555 letzten
199 1521 372 1557 Hoffnungen
389 1520 458 1550 eines
479 1521 575 1555 großen
595 1520 734 1556 gebildeten
761 1518 879 1548 Volkes"
891 1535 898 1553 ,
920 1526 994 1548 wenn
1014 1520 1061 1549 wir

93 1561 177 1600 gleich
198 1565 267 1600 nicht
285 1564 322 1591 die
341 1562 475 1597 Meinung
493 1564 533 1591 der
553 1564 628 1599 Eidg.
644 1563 706 1599 Ztg.
721 1561 823 1597 theilen,
851 1561 901 1597 daß
919 1562 957 1592 die
976 1562 1072 1599 letzten

88 1602 268 1642 Hoffnungen
294 1604 484 1641 Deutschlands
509 1607 556 1640 auf
582 1609 636 1634 dem
655 1604 861 1641 gegenwärtigen
882 1603 1058 1640 Widerstande

87 1644 238 1683 Preußens
259 1647 376 1678 beruhen.
417 1646 478 1676 Wir
496 1647 610 1683 glauben
628 1649 709 1683 ferner
729 1648 806 1684 nicht,
827 1647 876 1680 daß
889 1648 927 1676 die
939 1648 1058 1677 Revolu¬

87 1688 150 1717 tion
170 1694 226 1720 von
246 1690 317 1720 1848
334 1689 440 1724 vertilgt
460 1692 553 1725 werde,
585 1699 662 1720 wenn
686 1691 724 1719 die
750 1688 891 1726 preußische
910 1690 1001 1720 Union
1019 1691 1057 1719 die

89 1731 189 1761 bereits
219 1732 421 1769 eingeschlagene
444 1732 565 1762 Retirade
589 1732 746 1768 vollständig
774 1732 911 1767 ausführt
911 1732 974 1767 und
1003 1735 1056 1762 dem

90 1774 252 1812 Bundestag
272 1779 319 1804 das
341 1775 400 1808 Feld
427 1775 524 1805 räumt.
572 1776 624 1805 Die
649 1775 811 1805 Revolution
837 1778 888 1804 von
917 1775 987 1804 1848
1010 1775 1055 1811 hat

92 1818 176 1855 nichts
199 1819 307 1855 gemein
307 1819 366 1855 mit
384 1817 450 1847 einer
469 1818 705 1853 Kabinetspolitik,
738 1817 828 1853 welche
852 1817 891 1846 die
907 1818 1054 1847 Situation

94 1859 120 1888 in
139 1861 222 1897 ihrem
241 1860 363 1896 Interesse
382 1860 558 1896 auszubeuten
577 1861 644 1899 sucht
661 1862 714 1889 und
736 1860 820 1896 hinter
840 1860 921 1889 einem
938 1860 1052 1895 dünnen,

92 1903 170 1942 durch
186 1904 365 1941 Deutschland
383 1902 503 1938 hindurch
524 1903 666 1940 langenden
687 1904 775 1937 Strich
796 1910 868 1938 gerne
884 1903 937 1932 eine
956 1903 1053 1939 Menge

90 1946 204 1982 Nullen,
227 1950 272 1976 des
292 1946 469 1975 Arrondirens
488 1953 584 1982 wegen,
607 1945 700 1982 gestellt
719 1945 797 1980 hätte.
828 1941 878 1973 Die
890 1946 1052 1975 Revolution

90 1991 144 2018 von
176 1991 249 2020 1848
268 1995 323 2018 war
342 1988 409 2017 keine
431 1988 624 2025 Spekulation,
652 1990 758 2022 sondern
777 1988 816 2016 ein
835 1987 979 2023 Lichtstrahl
999 1993 1050 2018 von

88 2031 190 2070 Oben,
219 2036 263 2063 der
290 2031 340 2061 alle
367 2030 461 2060 Völker
487 2030 600 2061 belebend
626 2030 798 2068 durchgeistete
821 2032 873 2058 und
893 2030 924 2066 sie
943 2039 976 2060 an
997 2031 1050 2066 ihre

87 2074 274 2111 Bestimmung
296 2075 427 2104 erinnerte.
467 2073 518 2102 Die
531 2074 692 2103 Revolution
706 2079 758 2103 von
773 2075 844 2102 1848
856 2072 953 2109 erlischt
970 2074 1046 2110 nicht,

87 2118 199 2154 sondern
220 2120 284 2149 wird
309 2119 363 2148 eine
387 2116 540 2152 Feuersäule
565 2117 670 2152 bleiben,
700 2118 741 2146 die
764 2118 811 2145 den
836 2115 950 2147 Völkern
970 2118 1061 2152 durch

86 2160 143 2198 ihre
162 2163 251 2201 Nacht
270 2162 368 2199 zündet.

144 2205 216 2235 Was
236 2206 279 2234 bis
296 2203 373 2236 dahin
383 2203 533 2240 unmöglich
548 2203 693 2240 erschienen,
713 2205 761 2231 das
773 2202 819 2238 hat
830 2202 871 2231 die
884 2202 1048 2233 Revolution

85 2251 144 2278 von
165 2250 235 2279 1848
255 2246 366 2283 möglich
385 2247 487 2283 gezeigt,
507 2245 545 2276 die
565 2247 711 2283 Besiegung
731 2245 856 2282 stehender
874 2246 952 2280 Heere
971 2247 1046 2284 durch

84 2291 275 2329 unbewaffnete
293 2288 519 2325 Bevölkerungen.
557 2290 633 2326 Diese
661 2289 822 2325 Entdeckung
851 2289 915 2319 wird
941 2290 970 2319 in
998 2288 1047 2318 alle

84 2334 208 2370 Zukunft
231 2335 300 2372 nicht
318 2332 397 2369 mehr
408 2331 528 2361 verloren
543 2333 632 2369 gehen.
667 2332 734 2367 Daß
752 2332 798 2361 die
811 2332 973 2361 Revolution
993 2337 1058 2368 von

84 2376 170 2414 1848,
193 2377 282 2415 welche
298 2378 342 2405 der
354 2375 584 2411 Ausgangspunkt
602 2376 669 2405 einer
688 2383 770 2404 neuen
785 2374 1058 2412 weltgeschichtlichen

84 2419 200 2453 Periode
224 2428 256 2457 zu
274 2419 326 2456 sein
345 2418 470 2454 bestimmt
489 2418 532 2454 ist,
554 2419 622 2456 nicht
640 2418 716 2454 schon
729 2418 762 2446 in
781 2417 863 2451 ihrem
883 2418 959 2454 ersten
977 2417 1052 2453 Auf¬

84 2464 164 2492 treten
185 2462 278 2500 gesiegt
293 2463 349 2498 hat,
369 2463 417 2489 das
437 2460 498 2496 liegt
515 2460 640 2496 einerseits
660 2461 687 2490 in
700 2460 769 2495 ihrer
785 2459 1045 2496 Produktionskraft,

83 2504 122 2534 die
147 2510 199 2535 aus
223 2505 309 2535 lauter
327 2503 618 2540 Ueberschwänglichkeit
638 2511 672 2541 zu
694 2503 774 2532 keiner
791 2502 985 2538 Organisation

83 2546 189 2584 langte,
212 2548 349 2585 anderseits
370 2547 428 2575 aber
446 2547 498 2575 und
519 2545 706 2583 hauptsächlich
726 2546 754 2575 in
773 2548 814 2574 der
833 2546 1046 2581 Unbeholfenheit

82 2591 127 2620 der
147 2587 325 2628 Werkzeuge,
325 2587 377 2628 die
395 2588 426 2624 sie
442 2589 618 2625 vorgefunden
635 2590 692 2623 hat.
731 2588 783 2619 Die
802 2588 965 2621 Demokratie
977 2590 1044 2623 fand

82 2633 152 2662 keine
161 2633 351 2664 Demokraten.
392 2632 464 2666 Doch
480 2630 561 2668 lassen
579 2631 627 2663 wir
645 2631 725 2666 diesen
744 2631 836 2660 trüben
845 2630 976 2665 Rückblick
987 2632 1054 2661 und

82 2675 193 2713 befassen
211 2676 261 2705 wir
278 2677 331 2707 uns
352 2674 400 2704 mit
418 2675 462 2703 der
481 2674 686 2711 gegenwärtigen
699 2674 851 2708 Situation,
870 2674 899 2710 so
911 2674 981 2711 sehen
996 2674 1045 2707 wir

82 2718 120 2747 die
133 2717 251 2752 Spuren
265 2717 341 2755 dieser
347 2716 545 2752 Revolution,
545 2717 619 2746 weit
630 2716 749 2752 entfernt,
770 2715 913 2754 ausgetilgt
930 2722 972 2754 zu
972 2722 1045 2754 wer¬

82 2762 139 2797 den;
157 2763 196 2791 im
207 2759 365 2797 Gegentheil
365 2759 424 2797 wie
436 2759 478 2790 ein
488 2760 621 2796 zuckendes
634 2760 850 2796 Wetterleuchten
859 2761 959 2798 mitten
959 2761 1051 2798 durch

81 2803 126 2835 die
126 2803 252 2835 Armeen
273 2802 354 2840 gehen
378 2805 431 2832 und
449 2800 523 2840 selbst
540 2805 592 2833 aus
610 2804 658 2833 den
677 2800 969 2839 Ministerialkabineten
980 2803 1049 2840 her¬

1115 584 1289 621 ausschlagen.
1328 584 1399 618 Man
1425 584 1489 619 weiß
1507 584 1590 621 nicht,
1611 588 1663 615 von
1682 592 1789 614 wannen
1806 587 1850 614 der
1869 584 1951 614 Wind
1970 585 2072 618 kommt

1113 629 1166 658 und
1193 627 1279 663 wohin
1304 636 1328 657 er
1347 627 1419 661 geht,
1449 628 1508 656 aber
1527 636 1553 657 er
1570 628 1668 658 kommt
1686 631 1737 663 und
1756 628 1812 664 geht
1830 630 1882 657 und
1900 629 2064 665 durchdringt

1113 670 1150 698 die
1169 677 1247 707 ganze
1265 670 1436 706 Gesellschaft.
1475 670 1537 705 Daß
1556 679 1620 700 man
1638 679 1694 700 nun
1713 672 1772 701 aber
1789 671 1828 700 die
1843 671 1991 708 Regierung
2009 675 2072 708 von

1104 711 1234 747 Preußen
1248 712 1289 741 als
1303 714 1350 741 das
1362 711 1446 747 Gefäß
1459 712 1535 746 dieses
1545 712 1754 744 revolutionären
1765 714 1872 750 Geistes,
1887 715 1929 742 der
1940 714 2063 750 Deutsch¬

1104 757 1171 783 land
1192 754 1330 791 verjüngen
1350 755 1423 790 wird,
1445 753 1549 789 ansehen
1568 752 1630 791 soll,
1650 759 1697 785 das
1717 757 1773 786 will
1791 759 1843 785 uns
1863 757 1887 791 so
1908 756 1989 790 wenig
2009 757 2063 787 ein¬

1111 798 1221 830 leuchten
1230 810 1242 829 ,
1266 797 1308 827 als
1333 804 1410 826 wenn
1429 805 1491 827 man
1511 801 1563 827 uns
1582 799 1621 829 die
1639 800 1742 830 Strube
1760 802 1821 829 und
1831 799 1942 835 Heinzen
1961 799 2012 832 als
2023 800 2063 829 die

1110 839 1313 876 Hohenpriester
1313 839 1372 876 der
1389 840 1554 870 Revolution
1575 845 1627 871 von
1643 842 1711 872 1848
1727 842 1861 877 vorstellen
1880 843 1971 872 würde.
2008 843 2071 873 Die

1108 882 1246 919 preußische
1264 883 1353 912 Union
1372 883 1403 918 ist
1415 883 1474 912 kein
1490 883 1745 921 Nationalgewächs
1762 887 1870 920 sondern
1887 885 1928 914 ein
1947 886 2063 922 dynasti¬

1107 925 1173 962 sches
1191 924 1315 960 Projekt,
1346 927 1395 954 das
1414 926 1491 962 durch
1510 926 1549 954 die
1568 926 1672 956 liberale
1689 927 1865 964 Opposition,
1896 928 1933 957 die
1956 931 1984 958 es
2003 931 2059 960 dem

1106 969 1174 997 alten
1194 967 1350 1004 Bundestag
1369 969 1451 1006 macht
1461 991 1467 1002 .
1501 969 1628 999 Niemand
1653 971 1714 1000 über
1733 971 1781 1007 sein
1800 972 1898 1001 inneres
1919 970 2009 1008 Wesen
2026 979 2059 1008 zu

1106 1010 1219 1047 täuschen
1238 1010 1285 1041 im
1295 1010 1399 1040 Stande
1419 1011 1456 1047 ist.
1491 1011 1545 1040 Die
1566 1012 1793 1051 hohenzollerschen
1811 1013 2055 1053 Einverleibungen,

1098 1053 1143 1100 die
1155 1053 1262 1090 badische
1274 1053 1449 1089 Okkupation,
1469 1053 1507 1082 die
1520 1054 1775 1093 Neunburgerfrage
1787 1056 1871 1093 zeigen
1890 1064 1921 1093 zu
1939 1057 2055 1094 deutlich,

1099 1098 1159 1133 was
1185 1094 1232 1132 sich
1251 1095 1423 1134 Deutschland
1451 1099 1505 1125 von
1530 1096 1619 1132 diesem
1638 1098 1802 1135 preußischen
1816 1098 2006 1131 Liberalismus
2026 1107 2058 1137 zu

1104 1138 1274 1176 versprechen
1274 1138 1330 1176 hat
1344 1140 1411 1167 und
1437 1140 1485 1167 das
1505 1138 1681 1173 Zurücktreten
1706 1142 1866 1175 Hannovers
1875 1164 1882 1175 ,
1900 1142 2053 1178 Sachsens,

1103 1181 1159 1217 kurz
1177 1180 1240 1210 aller
1259 1181 1447 1218 Regierungen,
1466 1184 1519 1211 von
1538 1184 1580 1211 der
1599 1184 1691 1221 Union
1691 1184 1811 1221 zeugen,
1832 1184 1882 1220 daß
1903 1185 2055 1222 wenigstens

1101 1226 1143 1252 der
1169 1223 1274 1259 gesunde
1285 1223 1404 1258 Instinkt
1431 1226 1473 1253 der
1491 1224 1718 1263 Selbsterhaltung
1745 1230 1788 1257 den
1814 1227 1956 1264 Deutschen
1988 1229 2055 1266 nicht

1101 1266 1225 1301 mangelt.
1261 1267 1323 1295 Das
1344 1266 1490 1302 Benehmen
1510 1266 1649 1303 Preußens
1668 1270 1695 1299 in
1713 1272 1757 1300 der
1773 1270 1884 1305 Kasseler
1896 1270 2055 1307 Angelegen¬

1100 1308 1152 1344 heit
1170 1308 1201 1344 ist
1217 1309 1345 1344 durchaus
1363 1309 1430 1346 nicht
1449 1308 1518 1345 klar,
1548 1314 1575 1340 es
1595 1311 1651 1348 sagt
1669 1313 1754 1349 nicht,
1783 1313 1833 1350 daß
1849 1316 1885 1342 es
1910 1316 1958 1342 das
1977 1313 2049 1345 Volk

1099 1358 1177 1387 gegen
1195 1351 1247 1380 eine
1265 1351 1577 1389 Verfassungsverletzung
1597 1354 1706 1391 schützen
1726 1356 1811 1389 wolle,
1832 1356 1939 1392 sondern
1958 1356 2052 1388 kommt

1100 1395 1242 1429 ungerufen
1270 1395 1298 1423 in
1325 1394 1364 1423 ein
1382 1395 1468 1430 Land,
1496 1395 1574 1431 dessen
1594 1396 1743 1434 Regierung
1768 1399 1851 1433 seinen
1869 1399 1943 1433 Zorn
1967 1406 2060 1436 wegen

1099 1435 1236 1465 Rücktrittt
1244 1440 1297 1471 von
1315 1438 1355 1466 der
1369 1437 1459 1466 Union
1477 1439 1527 1472 aus
1541 1437 1587 1474 sich
1607 1448 1713 1477 gezogen
1731 1442 1785 1476 hat.
1823 1441 1902 1478 Ohne
1921 1441 1983 1477 seine
2000 1443 2053 1475 In¬

1098 1479 1244 1508 tervention
1260 1488 1289 1515 zu
1304 1480 1455 1515 motiviren,
1476 1480 1538 1514 stellt
1557 1485 1583 1509 es
1602 1480 1648 1518 sich
1668 1487 1713 1514 den
1727 1485 1947 1519 Bundestruppen
1967 1485 1993 1515 in
2004 1488 2052 1515 den

1098 1521 1165 1557 Weg
1188 1524 1243 1550 und
1262 1523 1317 1557 ruft
1334 1522 1453 1556 300,000
1472 1522 1563 1552 Mann
1582 1527 1630 1560 auf
1647 1526 1685 1555 die
1705 1526 1794 1556 Beine
1802 1541 1842 1551 —
1859 1528 1982 1557 warum?
2001 1535 2048 1557 um

1096 1567 1142 1593 den
1155 1564 1299 1601 Grundsatz
1314 1566 1357 1593 der
1372 1565 1503 1600 deutschen
1518 1564 1754 1606 Volksvertretung
1774 1578 1805 1606 zu
1822 1570 1935 1604 retten?
1959 1570 2051 1605 Gewiß

1095 1606 1183 1643 nicht!
1195 1607 1337 1636 Warum
1360 1607 1458 1636 denn?
1483 1607 1535 1637 Ei!
1566 1616 1651 1646 wegen
1670 1614 1712 1641 der
1730 1613 1856 1650 deutschen
1875 1613 1976 1649 Frage,
2005 1613 2052 1647 auf

1094 1650 1134 1677 die
1151 1649 1279 1678 Niemand
1303 1650 1358 1678 eine
1375 1651 1497 1679 Äntwort
1524 1650 1569 1685 hat
1593 1655 1649 1684 und
1673 1656 1710 1684 die
1728 1663 1790 1683 man
1809 1656 1877 1694 nicht
1894 1658 1986 1687 anders
2004 1657 2053 1688 als

1095 1692 1142 1720 mit
1161 1692 1285 1729 querelle
1305 1692 1462 1720 allemande
1480 1691 1615 1731 übersetzen
1622 1697 1711 1726 kann.
1750 1698 1801 1727 Die
1815 1697 2004 1735 Mobilisirung
2019 1699 2049 1734 ist

1093 1743 1148 1763 nun
1162 1736 1231 1769 aber,
1247 1736 1307 1771 was
1320 1742 1382 1764 man
1401 1734 1463 1764 über
1481 1736 1536 1771 ihre
1549 1737 1721 1776 Motivirung
1739 1740 1829 1770 denken
1849 1749 1919 1777 mag,
1941 1749 1976 1772 an
1994 1743 2049 1774 und

1092 1778 1135 1812 für
1152 1777 1214 1814 sich
1214 1777 1272 1814 eine
1288 1778 1392 1813 Frage;
1418 1780 1483 1806 denn
1502 1780 1517 1807 3
1530 1794 1561 1799 —
1570 1781 1690 1817 400,000
1709 1783 1799 1812 Mann
1819 1783 1897 1819 lassen
1916 1782 1962 1819 sich
1982 1784 2054 1819 nicht

1091 1819 1291 1856 wegdisputiren
1303 1822 1355 1851 und
1375 1821 1435 1855 doch
1455 1820 1485 1855 ist
1503 1821 1578 1851 kaum
1596 1824 1637 1853 ein
1656 1827 1758 1855 anderer
1773 1826 1903 1862 Ausgang
1922 1827 2050 1860 denkbar,

1091 1863 1137 1898 als
1137 1863 1192 1898 daß
1205 1862 1265 1898 diese
1278 1864 1396 1898 300,000
1408 1863 1501 1892 Mann
1514 1871 1567 1893 nur
1580 1867 1626 1895 das
1635 1868 1762 1904 Geräusch
1772 1869 1924 1905 Vergrößern
1937 1872 2044 1905 werden,

1091 1906 1194 1942 welches
1215 1906 1259 1935 der
1272 1905 1387 1942 Rückzug
1405 1908 1448 1935 des
1462 1905 1695 1940 Berlinerkabinets
1715 1912 1805 1942 bereits
1821 1911 1968 1948 verursacht
1985 1912 2052 1947 hat.

1088 1949 1183 1980 Berlin
1201 1948 1269 1977 kann
1287 1948 1371 1978 keinen
1391 1949 1481 1976 Casus
1507 1949 1576 1978 belli
1592 1953 1720 1989 anführen
1739 1958 1790 1984 und
1809 1954 1913 1991 deßhalb
1933 1954 1995 1991 muß
2015 1958 2050 1987 es

1087 1990 1241 2025 rückwärts,
1269 1991 1310 2027 da
1310 1991 1487 2027 heutzutage,
1514 1995 1571 2021 was
1593 1997 1656 2033 auch
1682 1997 1735 2026 eine
1757 1998 1850 2035 Frucht
1867 1999 1908 2026 der
1928 1997 2043 2034 1848ger

1086 2033 1249 2063 Revolution
1268 2033 1298 2071 ist
1304 2044 1318 2071 ,
1342 2033 1392 2063 die
1406 2033 1505 2064 Völker
1529 2036 1594 2073 nicht
1613 2038 1684 2074 mehr
1703 2039 1747 2075 für
1761 2040 1887 2076 fürstliche
1905 2039 2048 2084 Anwand¬

1082 2075 1184 2112 lungen
1204 2076 1262 2108 Gut
1275 2076 1335 2106 und
1335 2076 1416 2106 Blut
1443 2078 1512 2111 auf's
1538 2079 1617 2115 Spiel
1632 2081 1715 2118 setzen
1739 2084 1791 2113 und
1817 2083 1866 2119 sich
1890 2082 1967 2117 dafür

1088 2118 1300 2156 „Preußenstolz"
1323 2119 1452 2153 abfüttern
1470 2120 1557 2157 lassen.
1575 2123 1715 2160 Preußen
1734 2126 1796 2161 muß
1815 2126 1890 2160 daher
1905 2133 1967 2161 gern
1979 2127 2047 2162 oder

1086 2170 1185 2199 ungern
1204 2163 1312 2199 zurück
1319 2162 1371 2191 mit
1387 2163 1456 2199 oder
1456 2163 1530 2199 ohne
1550 2163 1900 2208 Mobilisirungsbeschlüssen
1920 2171 1973 2201 und
1991 2172 2046 2201 das

1087 2206 1141 2231 war
1160 2203 1201 2233 es,
1222 2202 1280 2228 was
1300 2199 1348 2233 wir
1367 2200 1415 2233 das
1434 2199 1507 2233 Ende
1524 2203 1566 2232 der
1584 2199 1721 2243 Komödie
1721 2199 1850 2243 genannt
1850 2199 1951 2243 haben.

1429 2285 1681 2329 Schweiz

1137 2331 1344 2369 Freiburg.
1344 2331 1412 2369 Die
1430 2331 1562 2368 Petition,
1589 2335 1680 2372 welche
1702 2337 1752 2372 die
1752 2337 1804 2372 am
1823 2337 1905 2374 letzten
1923 2338 2046 2374 Kravall

1075 2373 1258 2411 Betheiligten
1281 2378 1332 2405 den
1338 2374 1591 2412 Bundesbehörden
1614 2378 1764 2415 eingegeben
1782 2380 1887 2416 haben,
1915 2381 2047 2416 wimmelt

1083 2423 1135 2447 von
1165 2417 1367 2454 Sprachfehlern
1392 2419 1456 2447 und
1472 2417 1681 2458 Widersprüchen
1707 2424 1761 2454 und
1779 2423 1816 2458 ist
1835 2422 1982 2460 überhaupt
1996 2425 2044 2458 ein

1075 2460 1238 2499 sprechendes
1257 2459 1377 2496 Zeugniß
1397 2464 1450 2490 von
1467 2461 1514 2491 der
1532 2460 1831 2502 Begriffsverwirrung,
1859 2465 1947 2503 welche
1965 2469 2042 2497 unter

1075 2504 1176 2535 einem
1191 2502 1287 2539 großen
1306 2502 1391 2536 Theil
1415 2504 1462 2533 der
1481 2502 1677 2547 freiburgischen
1706 2506 1888 2545 Bevölkerung
1920 2508 2043 2547 herrscht.

1081 2545 1161 2583 Vom
1161 2545 1267 2583 letzten
1267 2545 1377 2583 Putsch
1392 2546 1457 2576 wird
1474 2545 1587 2582 gesagt,
1606 2556 1633 2579 er
1657 2549 1726 2586 habe
1739 2551 1816 2586 einer
1824 2551 2038 2592 aristokratischen

1073 2587 1303 2626 Verschwörung
1303 2587 1516 2626 zuvorkommen
1537 2596 1591 2620 und
1620 2591 1680 2631 sich
1680 2591 1809 2631 zwischen
1835 2594 1913 2628 beide
1921 2594 2040 2629 Extreme

1072 2631 1269 2668 hineinstellen
1269 2631 1382 2668 wollen.
1432 2629 1498 2660 Von
1512 2632 1567 2664 den
1575 2632 1711 2668 Petenten
1721 2637 1795 2669 wird
1814 2637 1862 2672 auf
1876 2636 1941 2672 diese
1960 2637 2037 2671 Vor¬

1081 2676 1230 2711 aussetzung
1247 2675 1294 2710 hin
1313 2673 1462 2716 verlangt:
1462 2673 1520 2716 1)
1520 2673 1815 2716 Verfassungsrevision
1832 2680 1886 2714 mit
1898 2678 2040 2716 Volksab¬

1081 2716 1231 2754 stimmung.
1277 2717 1294 2745 2
1295 2717 1309 2753 )
1328 2716 1392 2745 Eine
1410 2723 1473 2746 neue
1491 2717 1643 2757 Regirung
1652 2742 1662 2755 ,
1691 2722 1752 2765 mit
1752 2722 1910 2765 Ausschluß
1928 2722 2040 2766 sowohl

1079 2760 1136 2797 der
1136 2760 1196 2797 jetzt
1194 2759 1386 2796 Regierenden
1398 2758 1442 2788 als
1455 2762 1503 2791 der
1524 2755 1766 2804 Sonderbündler.
1766 2755 1856 2804 Die
1881 2764 2036 2801 Mitglieder

1078 2800 1138 2841 des
1138 2800 1255 2841 jetzigen
1255 2800 1331 2841 Gr.
1331 2800 1485 2841 Rathes,
1485 2800 1571 2841 sowie
1586 2806 1654 2847 des
1654 2806 1897 2847 sonderbündischen
1917 2807 2006 2845 sollen
2006 2807 2036 2845 5
