3203 4606
1454 135 1572 212 Nr.
1573 138 1711 219 272

202 189 395 216 Äbonnement:

159 225 203 250 Bei
214 226 274 250 allen
285 223 438 254 Postbureaux

145 259 222 283 franko
245 262 309 283 durch
331 261 367 283 die
386 265 452 290 ganze

229 290 367 323 Schweiz:

192 324 208 346 6
215 324 316 348 Monate
331 324 368 352 Fr.
380 325 401 348 8.

191 353 205 374 3
218 352 315 376 Monate
330 353 369 381 Fr.
380 352 401 376 4.

141 384 188 413 Für
196 385 277 412 Zürich
286 393 308 408 u.
318 385 451 418 Umgebung

168 417 206 440 bei
223 419 263 440 der
278 417 423 445 Expedition:

190 450 205 472 6
216 450 315 474 Monate
332 450 368 478 Fr.
379 450 402 474 6.

702 286 1103 467 Neue
1152 286 2425 520 Zürcher-Zeitung.

188 477 207 503 3
215 478 316 503 Monate
330 479 369 507 Fr.
378 480 401 503 3.

159 531 213 557 Für
233 533 278 556 das
298 532 433 556 Ausland

137 559 253 583 abonnire
263 567 316 584 man
325 560 365 590 gef.
377 560 410 584 bei
418 562 456 584 der

136 585 455 619 Post-Zeitungsexpedition

137 615 166 640 in
174 616 258 645 Zürich
273 618 321 640 ober
331 614 408 640 direkte
419 616 455 641 bei

170 645 215 668 den
221 644 344 676 Verlegern
351 644 426 673 selbst.

570 605 756 670 Zürich,
807 610 958 665 Freitag

1393 527 1571 583 Vierzigster
1598 525 1782 588 Jahrgang.

1178 680 1269 711 Druck
1287 684 1345 710 und
1365 681 1473 720 Verlag
1494 686 1551 714 von
1569 682 1668 716 Orell,
1688 684 1774 723 Füßli
1791 688 1851 718 und
1871 688 1974 724 Comp.

2097 618 2154 659 28
2160 642 2171 656 .
2204 615 2419 669 September
2455 626 2562 664 1860
2565 652 2574 661 .

2723 201 2969 237 Insertionsgebühr:

2691 240 2737 267 Die
2755 241 2863 274 4spaltige
2882 242 2994 274 Petitzeile

2734 271 2784 295 oder
2798 272 2861 295 deren
2875 271 2953 296 Raum

2770 299 2798 323 15
2807 298 2906 328 Rappen.

2689 351 2887 383 Korrespondenzen
2902 353 2949 381 sind
2966 360 2994 378 an

2723 380 2754 403 die
2771 379 2942 406 Redaktion
2952 400 2957 409 ,

2688 407 2790 437 Inserate
2804 410 2901 440 dagegen
2916 417 2946 433 an
2960 411 2995 435 die

2752 437 2926 468 Expedition

2696 464 2736 489 der
2748 462 2784 498 N.
2784 462 2984 498 Zürcher-Zeitung

2758 500 2784 524 zu
2801 495 2919 524 adressiren.

2718 520 2907 553 Ankündigungen
2921 530 2964 549 von

2691 548 2867 575 Medikamenten
2890 553 2993 583 bedürfen

2710 577 2746 601 der
2754 579 2927 611 Genehmigung
2935 583 2971 606 der

2724 605 2959 637 Medizinaldirektion.

2688 659 2761 689 Briefe
2770 660 2815 685 und
2820 660 2903 687 Gelder
2908 661 2989 691 franko.

335 823 406 861 Die
432 824 830 873 Winkelried-Stiftung.

177 924 216 956 Δ
231 917 288 962 Im
299 914 379 958 Juni
394 915 414 948 l.
431 915 466 959 J.
481 917 534 956 hat
550 918 722 959 bekanntlich
733 919 764 952 in
779 918 863 956 Genf
877 918 921 953 ein
936 917 1053 953 Komite

122 977 190 1005 von
211 970 253 1005 76
271 966 409 1003 Militärs
442 969 525 1003 einen
557 969 865 1010 Statuten-Entwurf
897 969 1053 1011 veröffent¬

121 1023 201 1062 licht,
236 1020 299 1062 nach
329 1019 463 1054 welchem
492 1021 544 1054 der
575 1020 683 1056 Rekrut
716 1023 737 1056 2
759 1022 825 1064 Fr.,
860 1024 908 1056 der
936 1021 1053 1056 Soldat

111 1073 136 1105 3
162 1072 213 1114 Fr.
235 1071 285 1112 65,
309 1072 358 1103 der
381 1068 505 1114 Offizier
520 1074 540 1106 7
555 1073 607 1115 Fr.
629 1074 672 1108 30
695 1078 754 1107 und
778 1077 825 1107 der
839 1072 1053 1115 Stabsoffizier

110 1123 158 1157 18
182 1122 230 1164 Fr.
254 1122 296 1156 25
317 1120 441 1165 jährlich
464 1123 618 1158 entrichten
648 1124 702 1166 soll
734 1125 782 1163 für
808 1125 869 1158 eine
890 1123 984 1167 Kasse,
1007 1125 1053 1158 die

108 1175 165 1207 den
187 1172 289 1215 Zweck
310 1174 374 1216 hat,
396 1175 443 1208 die
465 1174 585 1216 Waisen
617 1177 665 1210 der
699 1177 739 1210 im
769 1175 983 1214 Militärdienst
1005 1185 1051 1219 ge¬

104 1225 260 1265 storbenen
282 1224 519 1267 Familienväter
538 1228 571 1261 in
593 1228 669 1262 einer
691 1227 916 1267 Waisenanstalt
938 1236 972 1272 zu
987 1236 1051 1260 ver¬

105 1276 216 1320 sorgen,
252 1277 347 1317 ferner
372 1279 417 1312 die
452 1278 613 1320 Wittwen,
646 1280 738 1319 ferner
768 1280 813 1314 die
846 1282 1050 1314 verwundeten

107 1329 249 1365 Militärs
275 1329 477 1372 (Invaliden)
500 1335 562 1365 und
586 1332 691 1373 endlich
714 1333 759 1366 die
781 1342 880 1367 armen
901 1331 1049 1374 Familien

109 1385 159 1414 der
176 1380 216 1414 im
241 1380 369 1422 Dienste
392 1382 577 1424 befindlichen
610 1383 752 1418 Militärs
784 1394 818 1427 zu
853 1384 1049 1426 unterstützen.

96 1430 183 1466 Man
207 1434 270 1477 gab
294 1435 361 1469 dem
385 1434 520 1477 Projekte
544 1436 662 1479 nachher
697 1441 749 1470 den
777 1436 893 1471 Namen
921 1435 1049 1471 Winkel¬

92 1483 332 1530 ried-Stiftung
355 1491 417 1520 und
452 1490 501 1521 der
533 1487 628 1530 schöne
655 1489 792 1523 Gedanke
818 1487 888 1525 fand
910 1488 1049 1530 ringsum

88 1535 132 1569 im
159 1536 354 1572 Vaterlande
377 1539 532 1583 vielfachen
546 1541 689 1583 Anklang;
711 1544 743 1574 es
765 1539 864 1584 flossen
888 1537 1050 1581 freiwillige

82 1586 256 1633 Beiträge,
280 1592 342 1624 und
368 1594 400 1625 es
432 1592 556 1626 bildeten
590 1592 641 1632 sich
669 1591 815 1632 Komites,
849 1591 949 1634 welche
971 1599 1048 1624 nun¬

80 1640 175 1682 mehr
201 1652 255 1677 am
290 1643 319 1677 1.
343 1641 476 1678 Oktober
510 1644 542 1678 in
576 1644 724 1684 Sempach
757 1652 806 1686 zur
839 1642 1048 1686 gemeinsamen

78 1689 283 1738 Berathung
305 1694 577 1738 zusammentreten.
614 1696 659 1731 Es
674 1695 737 1736 sind
756 1693 880 1737 indessen
896 1694 926 1727 in
945 1691 1048 1735 öffent¬

77 1744 179 1787 lichen
197 1746 350 1781 Blättern
368 1752 430 1781 und
445 1747 476 1781 in
490 1746 866 1790 Offiziers-Gesellschaften
881 1745 950 1784 auch
966 1743 1046 1784 schon

77 1797 205 1831 allerlei
230 1798 394 1839 Einwürfe
416 1800 481 1833 laut
503 1802 654 1842 geworden
678 1802 738 1832 und
773 1800 803 1830 es
837 1796 968 1831 verdient
1001 1795 1046 1829 die

80 1848 202 1893 Sache,
241 1860 299 1885 um
334 1850 375 1893 sie
409 1860 445 1894 zu
478 1851 573 1885 einem
606 1850 751 1893 möglichst
782 1848 951 1890 praktischen
984 1849 1045 1881 und

81 1901 311 1945 segensreichen
335 1902 418 1945 Ziele
441 1912 475 1945 zu
496 1902 611 1944 führen,
644 1901 738 1947 gewiß
768 1901 813 1935 die
840 1899 965 1943 ruhigste
987 1898 1046 1933 Er¬

74 1955 239 1998 wägung.

148 2006 327 2051 Bezüglich
351 2005 402 2038 der
425 2003 517 2045 Form
552 2003 624 2037 wird
658 2012 728 2037 man
761 2003 841 2043 wohl
871 2003 899 2044 so
922 2001 1045 2046 ziemlich

68 2056 262 2103 allgemein
286 2060 339 2091 der
362 2054 479 2095 Ansicht
500 2053 569 2093 sein,
592 2053 647 2092 daß
670 2054 716 2086 die
736 2054 812 2095 Idee
835 2055 914 2087 eines
935 2058 1046 2096 zentra¬

68 2109 126 2143 len
157 2106 409 2151 Waisenhauses
437 2103 685 2144 fremdländischen
712 2103 875 2144 Geschmack
904 2105 955 2142 hat
984 2106 1045 2139 und

65 2161 142 2202 daß
173 2162 228 2196 die
254 2156 429 2201 Erziehung
451 2157 498 2189 der
522 2153 638 2194 Waisen
660 2154 692 2188 in
715 2157 764 2186 der
784 2155 899 2196 eigenen
921 2155 1046 2197 Familie

67 2213 158 2245 oder
198 2212 256 2247 bei
292 2208 493 2244 Verwandten
528 2210 591 2239 dem
623 2203 967 2248 Schweizer-Gemüthe
989 2208 1046 2241 viel

63 2258 177 2300 besser
217 2259 351 2301 zusagt;
384 2256 442 2295 daß
465 2256 582 2299 folglich
604 2257 648 2289 die
676 2255 830 2299 Stiftung,
866 2259 973 2296 anstatt
998 2259 1045 2292 ein

61 2311 173 2347 Haus
200 2318 243 2351 zu
269 2309 382 2347 bauen,
404 2306 569 2348 Pensionen
605 2317 641 2341 an
675 2308 721 2341 die
748 2306 877 2348 Waisen,
901 2307 1045 2343 Wittwen

62 2364 137 2397 und
165 2359 358 2404 Invaliden
380 2359 507 2402 abgeben
530 2359 593 2399 soll.

138 2417 199 2462 In
229 2416 292 2451 wie
316 2416 390 2450 weit
416 2418 483 2449 oder
515 2415 547 2449 in
581 2414 695 2458 welcher
721 2414 868 2457 Richtung
896 2415 959 2456 sind
981 2424 1044 2450 nun

62 2472 148 2512 diese
164 2468 445 2510 Unterstützungen
460 2467 633 2510 dringendes
647 2466 835 2506 Bedürfniß?
858 2466 923 2501 Der
934 2466 1045 2505 Genfer

63 2522 200 2563 Aufruf
229 2522 298 2563 „de
322 2519 469 2553 combler
491 2521 522 2552 le
546 2521 618 2564 plus
641 2519 744 2562 grand
766 2520 840 2553 vide
863 2518 904 2551 de
921 2529 979 2551 nos
994 2518 1044 2551 in¬

65 2576 260 2611 stitutions
287 2572 479 2606 militaires"
507 2571 558 2610 hat
581 2579 639 2604 uns
655 2571 687 2604 in
704 2570 748 2604 die
761 2569 850 2605 Seele
865 2570 1043 2614 geschnitten.

65 2628 189 2665 Sollte
216 2625 298 2665 diese
324 2622 415 2666 große
438 2621 521 2657 Lücke
554 2622 675 2663 wirklich
708 2621 884 2661 vorhanden,
908 2621 988 2659 sollte
1010 2622 1042 2654 es

68 2680 209 2722 wirklich
237 2676 329 2716 wahr
353 2674 424 2715 sein,
447 2672 505 2713 daß
527 2673 572 2706 die
595 2672 826 2715 republikanische
849 2671 979 2714 Schweiz
996 2672 1041 2705 die

69 2732 237 2768 Wittwen
264 2730 328 2762 und
354 2725 476 2766 Waisen
498 2725 577 2765 ihrer
598 2725 755 2768 gefallenen
768 2724 885 2768 Krieger
907 2722 1041 2767 vergißt?

72 2784 221 2820 Gottlob
241 2781 280 2821 ist
292 2783 361 2813 dem
387 2778 462 2817 nicht
482 2777 528 2816 so!
552 2776 619 2811 Wir
633 2778 724 2817 haben
741 2780 794 2809 den
811 2774 1041 2819 eidgenössischen

75 2832 359 2879 Invalidenfonds
394 2829 448 2863 mit
480 2828 623 2869 490,000
644 2828 696 2871 Fr.
727 2829 788 2862 und
817 2830 872 2861 den
902 2827 1042 2861 Grenus¬

81 2888 174 2928 fonds
212 2885 273 2920 mit
299 2884 362 2921 1½
384 2880 548 2916 Millionen
573 2880 623 2924 Fr.
669 2881 735 2914 Und
767 2880 891 2913 darüber
920 2878 1039 2918 hinaus,

85 2943 151 2973 was
176 2939 244 2973 viel
268 2934 419 2977 wichtiger
440 2932 490 2974 ist,
526 2932 619 2972 haben
655 2932 711 2966 wir
743 2935 798 2965 das
833 2929 1038 2972 Bundesgesetz

77 2998 158 3025 vom
183 2992 218 3023 7.
242 2985 361 3030 August
386 2985 480 3026 1852,
515 2983 611 3017 worin
642 2986 693 3017 der
714 2982 816 3024 Bund,
850 2981 894 3015 die
925 2980 1039 3015 Nation

76 3043 133 3077 die
159 3040 278 3082 Pflicht
298 3038 488 3078 übernimmt,
525 3036 570 3070 die
591 3035 758 3079 Invaliden
792 3034 844 3068 mit
873 3032 1036 3074 Pensionen

80 3094 144 3127 bis
176 3090 234 3130 auf
256 3090 317 3123 300
337 3093 398 3124 und
420 3089 486 3123 500
500 3088 552 3132 Fr.
574 3087 694 3130 jährlich
717 3096 752 3130 zu
774 3086 969 3129 unterstützen,
992 3084 1037 3116 die

88 3144 251 3180 Wittwen
273 3143 323 3176 mit
345 3141 513 3184 Pensionen
537 3140 585 3174 bis
607 3139 660 3179 auf
679 3139 745 3173 300
759 3137 808 3181 Fr.
832 3136 961 3179 jährlich,
985 3137 1036 3169 da¬

81 3193 189 3233 neben
211 3194 263 3234 für
278 3193 360 3236 jedes
383 3194 464 3228 Kind
485 3192 607 3235 jährlich
628 3192 675 3225 bis
699 3191 751 3231 auf
763 3190 828 3223 200
843 3188 906 3231 Fr.,
929 3191 987 3221 und
1004 3188 1035 3221 in

1117 796 1246 841 gleichem
1268 795 1425 834 Maßstabe
1458 798 1527 837 auch
1559 799 1624 831 noch
1657 799 1705 837 für
1726 800 1845 841 Eltern,
1869 798 2046 840 Großeltern

1118 854 1178 882 und
1200 846 1390 887 Geschwister.
1431 847 1475 882 Es
1498 848 1572 882 webt
1597 851 1656 883 eine
1676 851 1803 892 herrliche
1826 850 2047 892 vaterländische

1116 899 1295 943 Humanität
1319 900 1349 931 in
1373 899 1473 938 diesem
1498 901 1725 947 Bundesgesetze,
1750 910 1807 938 und
1832 905 1900 944 statt
1922 906 1972 937 des
2000 905 2046 945 „le

1117 953 1190 995 plus
1212 953 1313 992 grand
1335 951 1428 984 vide"
1455 951 1535 992 sehen
1568 952 1631 995 wir,
1668 954 1721 994 daß
1750 956 1794 989 die
1822 955 1954 998 Schweiz
1977 956 2044 993 auch

1119 1003 1208 1039 hierin
1234 1003 1310 1037 mehr
1334 1005 1400 1039 thut
1435 1003 1481 1037 als
1513 1004 1612 1047 irgend
1635 1006 1678 1040 ein
1708 1010 1827 1042 anderes
1849 1007 1939 1042 Land.
1984 1006 2046 1041 Die

1117 1053 1473 1097 Winkelried-Stiftung
1507 1057 1572 1098 geht
1605 1056 1675 1100 also,
1707 1058 1805 1098 soweit
1839 1059 1877 1101 sie
1909 1059 1962 1100 sich
1993 1058 2048 1098 auf

1117 1104 1270 1145 Wittwen,
1294 1104 1412 1143 Waisen
1435 1109 1495 1140 und
1510 1107 1674 1149 Invaliden
1696 1109 1809 1152 bezieht,
1833 1115 1887 1144 den
1901 1111 2044 1145 Bundes¬

1117 1157 1270 1199 leistungen
1293 1167 1343 1200 zur
1359 1158 1445 1193 Seite
1461 1162 1521 1192 und
1546 1159 1632 1193 bildet
1647 1161 1694 1198 für
1709 1166 1760 1196 den
1776 1163 1935 1204 nämlichen
1949 1162 2046 1204 Zweck

1117 1210 1176 1243 eine
1199 1209 1340 1253 geeignete
1362 1209 1516 1251 Mithülfe.
1561 1210 1702 1255 Dagegen
1724 1214 1771 1252 für
1793 1214 1838 1247 die
1860 1223 1960 1248 armen
1982 1214 2044 1257 Fa¬

1117 1261 1214 1295 milien
1238 1264 1285 1294 der
1308 1262 1349 1295 im
1372 1261 1490 1301 Dienste
1515 1262 1690 1304 befindlichen
1724 1264 1865 1300 Militärs
1899 1266 1977 1310 sorgt
2008 1267 2043 1305 sie

1117 1313 1203 1347 allein
1225 1313 1285 1346 und
1308 1316 1339 1344 es
1362 1313 1431 1356 liegt
1453 1314 1567 1356 folglich
1596 1317 1650 1348 das
1673 1317 1854 1361 dringlichere
1875 1317 2042 1358 Bedürfniß

1116 1367 1178 1403 eher
1199 1365 1229 1397 in
1253 1363 1354 1406 diesem
1376 1364 1541 1399 Momente.

1178 1426 1249 1461 Wer
1269 1425 1321 1466 soll
1343 1435 1405 1460 nun
1428 1426 1496 1460 aber
1529 1426 1577 1465 für
1609 1427 1654 1461 die
1683 1430 1886 1472 vorhandenen
1912 1431 2045 1471 Bedürf¬

1113 1477 1190 1520 nisse,
1213 1477 1252 1519 sei
1273 1481 1304 1511 es
1328 1481 1376 1511 der
1398 1477 1552 1519 Wittwen,
1576 1479 1691 1518 Waisen
1714 1485 1773 1515 und
1793 1482 1959 1526 Invaliden
1977 1485 2043 1517 oder

1112 1532 1162 1563 der
1183 1539 1281 1564 armen
1303 1530 1451 1572 Familien
1474 1531 1611 1569 während
1631 1535 1678 1565 der
1692 1533 1848 1577 Dienstzeit
1872 1536 1980 1579 sorgen,
1997 1536 2042 1569 die

1112 1581 1253 1617 Militärs
1277 1584 1341 1616 oder
1367 1583 1410 1615 die
1435 1581 1571 1616 Nation?

1176 1638 1279 1679 Mache
1302 1647 1371 1672 man
1394 1638 1455 1680 sich,
1479 1639 1524 1673 die
1547 1639 1684 1685 Beiträge
1706 1643 1759 1681 auf
1779 1643 1823 1677 die
1838 1643 1979 1678 Militärs
1995 1647 2043 1678 be¬

1113 1692 1243 1733 schränkt,
1267 1692 1336 1724 über
1360 1691 1403 1725 die
1426 1691 1575 1731 Resultate
1598 1692 1670 1727 keine
1697 1693 1877 1736 Illusionen.
1920 1696 2041 1731 Denken

1115 1744 1169 1776 wir
1191 1745 1250 1776 uns
1271 1743 1302 1776 in
1325 1743 1417 1776 einem
1438 1743 1542 1787 Kriege
1570 1747 1619 1777 der
1650 1744 1779 1790 Schweiz
1813 1749 1858 1781 die
1884 1748 1963 1790 Zahl
1993 1752 2042 1783 der

1114 1795 1286 1835 Gefallenen
1308 1797 1369 1827 und
1391 1794 1607 1829 Verwundeten
1629 1800 1695 1830 oder
1716 1802 1763 1831 der
1784 1798 1936 1842 Wittwen,
1954 1801 2041 1837 Wai¬

1114 1847 1158 1886 sen
1180 1850 1241 1880 und
1261 1845 1427 1888 Invaliden
1461 1847 1514 1884 auf
1535 1847 1629 1889 5000,
1658 1853 1721 1882 was
1745 1851 1838 1892 gewiß
1872 1852 1944 1892 nicht
1973 1854 2040 1896 hoch

1114 1897 1252 1943 gegriffen
1284 1898 1326 1939 ist,
1362 1900 1423 1932 und
1456 1900 1501 1932 die
1534 1898 1660 1941 Pension
1694 1910 1751 1935 nur
1778 1912 1813 1946 zu
1838 1905 1899 1938 100
1922 1904 1983 1946 Fr.,
2011 1906 2039 1945 so

1115 1950 1211 1990 müßte
1234 1950 1277 1983 die
1299 1949 1382 1993 Kasse
1405 1950 1565 1992 alljährlich
1589 1952 1727 1991 500,000
1740 1954 1788 1995 Fr.
1813 1956 1968 1998 auszahlen
1985 1958 2040 1992 mit

1115 2007 1221 2036 andern
1235 2002 1358 2037 Worten
1371 2006 1418 2035 der
1431 2001 1536 2044 Fonds
1552 2002 1648 2042 müßte
1665 2005 1834 2045 mindestens
1845 2008 1866 2041 5
1877 2008 2039 2043 Millionen

1113 2055 1165 2097 Fr.
1188 2055 1261 2095 stark
1282 2053 1348 2094 sein,
1371 2063 1423 2087 um
1455 2054 1545 2095 dieses
1566 2055 1733 2091 Minimum
1756 2067 1789 2100 zu
1813 2059 1915 2100 leisten.
1961 2061 2039 2102 Nach

1114 2111 1178 2140 dem
1201 2105 1356 2146 Entwurfe
1377 2107 1429 2145 hat
1450 2115 1508 2140 nur
1530 2106 1674 2150 derjenige
1694 2108 1818 2144 Militär
1840 2111 1886 2144 ein
1907 2111 2039 2155 Anrecht,

1113 2162 1162 2192 der
1183 2157 1322 2202 Beiträge
1345 2157 1415 2200 gibt.
1459 2157 1524 2192 Der
1540 2158 1637 2200 Arme,
1659 2163 1707 2193 der
1729 2161 1790 2195 dies
1815 2162 1889 2205 nicht
1911 2170 2039 2209 vermag,

1113 2213 1180 2243 oder
1201 2212 1250 2243 der
1274 2213 1330 2242 aus
1355 2210 1480 2248 Armuth
1505 2211 1622 2253 aufhört
1643 2222 1678 2253 zu
1701 2214 1809 2254 zahlen,
1834 2215 1911 2247 wäre
1935 2218 2041 2258 ausge¬

1111 2261 1253 2303 schlossen:
1287 2261 1451 2303 überhaupt
1475 2265 1530 2295 das
1553 2263 1653 2305 Ganze
1677 2265 1756 2303 hätte
1783 2267 1863 2306 mehr
1885 2269 1936 2300 den
1960 2266 2042 2306 Cha¬

1112 2314 1201 2347 rakter
1224 2314 1302 2347 eines
1334 2313 1708 2358 Versicherungsgeschäftes
1741 2317 1786 2350 als
1818 2318 1892 2351 einer
1928 2318 2027 2353 Liebes¬

1111 2365 1238 2404 besthat.
1282 2365 1344 2400 Die
1367 2365 1491 2406 Gefahr,
1514 2367 1556 2401 im
1577 2365 1788 2411 Kriegsdienste
1810 2379 1845 2411 zu
1867 2370 1983 2411 sterben,
2006 2371 2042 2413 ist

1109 2415 1150 2448 im
1173 2415 1371 2457 Allgemeinen
1392 2417 1455 2451 eine
1475 2419 1584 2460 seltene,
1607 2421 1682 2452 denn
1704 2422 1736 2453 es
1751 2420 1860 2455 können
1875 2422 2041 2465 Menschen¬

1111 2467 1182 2499 alter
1204 2467 1354 2509 vergehen,
1376 2471 1424 2510 ehe
1448 2471 1493 2503 ein
1517 2470 1596 2505 Land
1618 2471 1707 2514 Krieg
1729 2473 1824 2506 erlebt.
1868 2473 1953 2508 Wird
1978 2484 2039 2509 nun

1110 2518 1158 2549 der
1180 2517 1295 2551 Soldat
1317 2528 1401 2562 gerne
1424 2521 1600 2564 alljährliche
1622 2523 1761 2567 Beiträge
1783 2526 1878 2568 geben,
1907 2536 1958 2560 um
1988 2526 2038 2568 sich

1109 2576 1195 2610 gegen
1219 2568 1277 2601 eine
1295 2570 1409 2611 Gefahr
1432 2581 1465 2614 zu
1483 2573 1595 2615 sichern,
1620 2574 1663 2608 die
1681 2576 1910 2619 möglicherweise
1925 2579 1972 2617 für
1988 2579 2039 2621 ihn

1109 2619 1153 2651 nie
1177 2619 1310 2653 eintritt?
1355 2621 1421 2655 Und
1443 2623 1491 2663 für
1514 2624 1559 2657 die
1589 2626 1775 2661 kommenden
1797 2628 1984 2671 Geschlechter
2007 2639 2040 2673 zu

1108 2670 1216 2713 sorgen,
1241 2671 1309 2714 liegt
1332 2675 1387 2704 das
1410 2683 1448 2707 an
1470 2675 1555 2715 ihm?

1172 2721 1250 2760 Nach
1272 2722 1386 2762 unserm
1409 2724 1522 2766 Gefühl
1555 2727 1624 2770 liegt
1657 2729 1729 2767 diese
1762 2731 1871 2774 Pflicht
1903 2734 1956 2772 auf
1977 2735 2040 2768 dem

1108 2783 1213 2817 ganzen
1237 2773 1334 2814 Volke,
1360 2777 1415 2808 das
1439 2776 1490 2818 sich
1513 2778 1637 2820 schämen
1654 2780 1763 2823 müßte,
1786 2784 1904 2823 dieselbe
1920 2785 1972 2822 auf
1986 2788 2040 2819 den

1108 2826 1254 2858 Soldaten
1279 2826 1446 2868 abzuladen,
1481 2830 1529 2860 der
1563 2830 1699 2868 ohnedies
1729 2835 1795 2877 noch
1820 2846 1913 2880 genug
1936 2837 2039 2878 Kosten

1108 2878 1158 2917 hat
1180 2878 1239 2910 und
1262 2877 1318 2917 sein
1334 2876 1426 2911 Leben
1449 2876 1564 2922 einsetzt,
1589 2885 1647 2914 und
1672 2887 1703 2916 es
1726 2886 1834 2921 kommt
1856 2891 1915 2921 uns
1937 2888 1968 2922 in
1992 2892 2040 2923 der

1106 2929 1182 2967 That
1205 2928 1258 2969 fast
1273 2937 1324 2962 wie
1346 2928 1453 2970 Ironie
1475 2936 1539 2971 vor,
1556 2938 1638 2966 wenn
1655 2935 1809 2974 Behörden
1826 2941 1873 2974 die
1888 2940 2038 2975 Soldaten

1106 2991 1139 3023 zu
1162 2983 1255 3014 etwas
1277 2978 1454 3022 auffordern,
1476 2984 1542 3015 was
1564 2982 1650 3022 ihnen
1680 2986 1760 3028 selbst
1782 2992 1899 3035 obliegt.
1944 2992 2038 3036 Möge

1105 3036 1152 3065 der
1175 3033 1266 3066 Bund
1290 3040 1346 3065 von
1369 3032 1461 3071 seinen
1477 3032 1631 3075 jährlichen
1648 3035 1828 3080 Einkünften
1851 3044 1931 3076 einen
1954 3044 2038 3083 Theil

1103 3084 1134 3116 in
1157 3084 1238 3116 einen
1261 3083 1365 3126 Fonds
1389 3085 1477 3127 legen,
1503 3089 1550 3118 der
1586 3085 1632 3123 für
1667 3091 1720 3122 das
1751 3089 1845 3136 Gesetz
1869 3102 1928 3128 von
1953 3096 2035 3129 1852

1104 3135 1244 3175 bestimmt
1266 3135 1308 3175 ist,
1334 3135 1436 3176 damit,
1471 3143 1555 3169 wenn
1590 3139 1643 3170 das
1676 3138 1799 3183 Unglück
1833 3146 1884 3178 des
1914 3146 2035 3189 Krieges

1104 3186 1246 3228 einbricht,
1270 3187 1342 3228 nicht
1367 3187 1411 3219 die
1434 3188 1652 3230 dannzumalige
1677 3189 1861 3228 Generation
1873 3197 1917 3230 die
1929 3198 2035 3231 Unter¬

2112 799 2310 843 stützungslast
2330 800 2415 834 allein
2449 801 2503 837 auf
2534 802 2584 842 sich
2615 804 2694 841 habe.
2738 806 2793 847 Im
2818 806 2949 841 Weitern
2973 807 3040 851 lasse

2112 862 2181 884 man
2205 856 2256 885 den
2288 852 2401 894 schönen
2433 853 2590 888 Gedanken
2626 861 2673 888 der
2704 853 3040 906 Winkelried-Stiftung

2113 904 2187 943 nicht
2210 903 2306 944 fallen,
2332 905 2447 943 sondern
2473 907 2546 939 bilde
2570 908 2619 947 ihn
2636 909 2724 947 dahin
2747 913 2813 950 aus,
2838 910 2893 952 daß
2916 912 3039 955 alljähr¬

2112 956 2163 992 lich
2186 956 2217 988 in
2241 960 2289 989 der
2310 966 2416 999 ganzen
2438 957 2570 1001 Schweiz
2603 959 2664 993 eine
2698 961 2858 1006 freiwillige
2879 963 3039 999 National¬

2110 1008 2199 1046 steuer
2223 1011 2284 1047 (am
2308 1008 2443 1052 Betrag),
2477 1019 2510 1052 zu
2535 1011 2646 1050 welcher
2668 1013 2713 1045 die
2735 1013 2875 1049 Militärs
2898 1017 3039 1059 natürlich

2112 1060 2179 1098 auch
2205 1060 2348 1103 beitragen
2372 1061 2490 1101 können,
2513 1072 2548 1105 zu
2571 1063 2662 1097 einem
2685 1066 2827 1107 zentralen
2853 1072 2917 1101 oder
2940 1069 3040 1103 kanto¬

2111 1112 2197 1144 nalen
2219 1111 2322 1153 Fonds
2354 1112 2606 1157 zusammengelegt
2639 1122 2741 1157 werde,
2776 1120 2888 1158 welcher
2923 1120 2954 1154 in
2985 1124 3039 1155 den

2111 1162 2210 1204 Tagen
2234 1166 2280 1195 der
2304 1163 2385 1202 Noth
2408 1165 2453 1202 für
2477 1166 2520 1198 die
2545 1167 2730 1211 bezeichneten
2754 1169 2863 1211 Zwecke
2891 1173 3038 1213 mithelfen

2108 1213 2170 1253 soll.
2215 1213 2305 1249 Denn
2339 1220 2387 1248 der
2417 1216 2481 1254 Ruf
2502 1217 2705 1253 Winkelried's
2738 1221 2870 1266 „Sorget
2892 1224 2940 1261 für
2961 1225 3040 1259 mein

2109 1264 2196 1301 Weib
2218 1272 2278 1300 und
2300 1267 2397 1302 Kind"
2422 1277 2492 1312 ging
2516 1270 2607 1313 gewiß
2631 1271 2705 1313 nicht
2728 1272 2817 1316 einzig
2839 1285 2877 1308 an
2900 1275 2944 1310 die
2958 1275 3039 1311 Mit¬

2109 1318 2250 1359 kämpfer,
2284 1319 2405 1357 sondern
2438 1321 2505 1355 an's
2538 1330 2625 1365 ganze
2653 1322 2750 1365 Land,
2778 1325 2826 1365 für
2853 1329 2908 1360 das
2935 1337 2963 1362 er
2987 1329 3038 1371 sich

2108 1370 2236 1414 geopfert
2258 1371 2320 1411 hat.

2344 1491 2403 1526 Die
2425 1492 2605 1527 Revolution
2629 1504 2662 1536 zu
2686 1494 2806 1538 Neapel.

2107 1542 2177 1574 Von
2206 1544 2263 1573 dem
2292 1543 2647 1583 Spezialkorrespondenten
2675 1548 2722 1578 der
2752 1548 2880 1586 „Times"
2901 1560 2963 1583 vom
2988 1553 3038 1585 15.

2166 1600 2223 1631 Der
2244 1599 2342 1631 Stand
2362 1603 2405 1630 der
2424 1600 2515 1638 Dinge
2536 1601 2591 1639 hier
2616 1602 2645 1639 ist
2673 1603 2718 1641 für
2748 1606 3038 1648 Zeitungskorrespon¬

2107 1649 2200 1678 denten
2221 1648 2298 1678 Alles
2320 1649 2377 1684 eher
2408 1648 2451 1678 als
2481 1649 2597 1688 günstig.
2641 1651 2787 1687 Einerseits
2818 1656 2848 1691 ist
2877 1661 2906 1687 es
2935 1657 3038 1697 schwer,

2106 1696 2158 1725 den
2175 1695 2273 1732 rechten
2294 1694 2427 1732 Schlüssel
2446 1703 2478 1734 zu
2499 1694 2672 1728 Garibaldi's
2703 1700 2893 1740 militärischem
2913 1705 3042 1741 Projekte

2107 1749 2138 1781 zu
2161 1744 2275 1777 erhalten
2297 1745 2352 1771 und
2373 1743 2545 1779 andererseits
2565 1745 2596 1781 ist
2616 1749 2645 1776 es
2665 1746 2733 1784 nicht
2746 1749 2847 1780 minder
2863 1752 2961 1789 schwer,
2983 1755 3037 1785 das

2106 1789 2325 1828 wahrscheinliche
2345 1789 2466 1825 Resultat
2485 1792 2531 1821 der
2558 1792 2710 1829 politischen
2739 1795 2980 1835 Verworrenheiten
3008 1803 3038 1832 in

2106 1837 2190 1867 einem
2210 1837 2297 1867 Lande
2318 1845 2349 1875 zu
2369 1836 2526 1873 bestimmen,
2549 1840 2602 1868 das
2623 1840 2737 1880 plötzlich
2757 1844 2807 1874 auf
2820 1846 2866 1875 der
2878 1847 2953 1885 Höhe
2967 1848 3037 1880 einer

2106 1885 2135 1921 so
2153 1885 2222 1923 lang
2243 1887 2392 1916 erwarteten
2413 1886 2467 1915 und
2487 1886 2514 1921 so
2540 1888 2679 1925 allgemein
2712 1891 2885 1929 organisirten
2916 1895 3038 1927 Revolu¬

2107 1931 2165 1962 tion
2188 1932 2370 1970 angekommen
2392 1931 2432 1968 ist.
2473 1933 2554 1972 Dazu
2582 1934 2680 1966 kommt
2714 1936 2756 1971 für
2787 1939 2860 1971 einen
2888 1941 3038 1981 Zeitungs¬

2106 1979 2226 2016 schreiber
2245 1980 2287 2009 die
2305 1978 2407 2009 weitere
2437 1978 2651 2019 Schwierigkeit,
2681 1984 2734 2020 daß
2764 1985 2806 2016 die
2833 1988 2968 2022 Italiener
2997 1992 3039 2022 die

2106 2026 2286 2064 Gewohnheit
2304 2026 2398 2062 haben,
2420 2027 2496 2057 Alles
2527 2035 2557 2066 zu
2587 2028 2761 2062 übertreiben.
2805 2033 2848 2065 Es
2878 2035 2944 2072 fehlt
2971 2039 3040 2076 nicht

2107 2082 2143 2104 an
2163 2073 2311 2111 politischen
2334 2074 2459 2108 Parteien
2481 2073 2509 2104 in
2530 2075 2611 2106 einem
2643 2077 2738 2111 Land,
2774 2082 2826 2111 das
2859 2084 2932 2122 durch
2962 2093 3037 2117 einen

2104 2120 2323 2152 revolutionären
2342 2120 2445 2152 Sturm
2464 2121 2634 2160 aufgewühlt
2653 2125 2696 2161 ist,
2718 2134 2763 2157 um
2783 2126 2812 2163 so
2841 2131 2931 2167 mehr,
2959 2139 3039 2164 wenn

2106 2169 2181 2205 jenes
2202 2168 2276 2198 Land
2296 2167 2410 2206 plötzlich
2429 2168 2538 2205 berufen
2557 2170 2635 2206 wird,
2658 2172 2714 2203 eine
2744 2175 2863 2213 Freiheit
2889 2180 2934 2210 der
2963 2180 3039 2212 Dis¬

2107 2215 2208 2252 kussion
2228 2223 2258 2253 zu
2278 2214 2358 2249 üben,
2379 2215 2455 2245 deren
2474 2218 2503 2245 es
2523 2215 2571 2253 sich
2590 2217 2619 2252 so
2638 2218 2721 2257 lange
2738 2222 2825 2258 Jahre
2856 2224 2924 2260 nicht
2944 2227 3040 2260 erfreut

2108 2262 2167 2299 hat.
2209 2262 2311 2292 Nimmt
2332 2270 2393 2292 man
2414 2264 2479 2300 dazu
2500 2264 2562 2298 noch
2583 2265 2623 2294 die
2644 2265 2756 2297 Wärme
2787 2270 2831 2300 der
2861 2271 2955 2311 südlich
2984 2274 3048 2305 ita¬

2106 2308 2239 2347 lienischen
2260 2308 2351 2341 Natur
2368 2310 2423 2339 und
2443 2309 2486 2346 ihr
2504 2309 2619 2348 heftiges
2641 2312 2747 2350 Wesen,
2769 2317 2810 2346 die
2822 2317 2883 2349 üble
2902 2320 3040 2359 Erbschaft

2105 2355 2175 2387 einer
2195 2356 2370 2393 despotischen
2392 2359 2445 2386 und
2466 2360 2611 2389 entarteten
2633 2359 2799 2402 Regierung,
2830 2365 2857 2401 so
2879 2366 2952 2398 kann
2970 2377 3035 2400 man

2104 2405 2179 2439 leicht
2201 2402 2329 2441 ermessen,
2350 2403 2377 2433 in
2399 2403 2472 2441 welch
2492 2404 2667 2440 furchtbarem
2687 2407 2808 2445 Zustand
2838 2420 2893 2444 von
2915 2414 3035 2447 Verwir¬

2102 2458 2174 2488 rung
2193 2450 2273 2486 dieser
2290 2450 2371 2487 Theil
2389 2452 2434 2481 der
2462 2450 2639 2489 italienischen
2668 2455 2810 2494 Halbinsel
2839 2459 2885 2497 sich
2915 2462 3037 2500 befinden

2103 2497 2176 2535 muß.
2218 2498 2284 2528 Das
2303 2497 2383 2536 große
2403 2498 2457 2528 und
2478 2498 2641 2538 patriotische
2661 2501 2782 2542 Gemüth
2797 2506 2964 2540 Garibaldis
2978 2518 3038 2541 ver¬

2104 2544 2170 2582 sucht
2192 2548 2230 2579 es,
2253 2547 2304 2575 das
2325 2543 2407 2575 Werk
2425 2547 2468 2575 der
2489 2547 2657 2584 moralischen
2677 2551 2735 2579 und
2749 2551 2865 2589 sozialen
2879 2555 3037 2595 Reorgani¬

2103 2592 2189 2629 sation
2209 2594 2254 2622 des
2274 2591 2445 2631 Königreichs
2466 2592 2659 2633 auszuführen,
2692 2598 2753 2628 aber
2785 2600 2860 2637 selbst
2885 2604 2927 2634 die
2947 2605 3038 2643 Macht

2104 2639 2176 2670 eines
2198 2639 2300 2677 Engels
2322 2641 2382 2669 oder
2401 2639 2567 2678 Halbgottes
2587 2641 2659 2672 wäre
2679 2643 2747 2681 nicht
2767 2654 2805 2677 im
2825 2648 2948 2685 Stande,
2979 2654 3038 2684 dies

2104 2685 2134 2716 in
2153 2686 2180 2723 so
2201 2687 2287 2723 kurzer
2305 2686 2365 2723 Zeit
2384 2695 2415 2724 zu
2432 2686 2509 2722 thun.
2559 2689 2715 2726 Politischer
2744 2694 2818 2731 Haß,
2848 2697 3041 2737 Unwillenheit

2105 2735 2159 2763 und
2181 2733 2332 2770 Rachedurst
2352 2733 2407 2771 sind
2427 2733 2466 2763 die
2487 2734 2606 2773 Früchte,
2630 2736 2670 2767 die
2690 2738 2730 2768 ein
2758 2741 2854 2781 langer
2884 2745 3038 2783 Despotis¬

2103 2784 2168 2812 mus
2188 2780 2326 2819 ausgesäet
2345 2781 2391 2816 hat
2409 2781 2463 2811 und
2484 2781 2620 2813 Niemand
2640 2784 2713 2815 kann
2743 2787 2790 2826 sich
2820 2791 2937 2824 darüber
2960 2802 3039 2826 wun¬

2104 2829 2179 2865 dern,
2201 2829 2252 2865 daß
2272 2832 2324 2859 das
2345 2828 2413 2859 Volk
2432 2827 2513 2865 dieses
2536 2829 2642 2861 Landes
2663 2832 2720 2863 eine
2740 2834 2829 2868 Beute
2848 2839 2893 2870 der
2913 2841 3039 2879 schlimm¬

2102 2875 2155 2912 sten
2187 2876 2360 2912 menschlichen
2386 2875 2591 2912 Leidenschaften
2624 2883 2764 2916 geworden
2797 2884 2839 2922 ist.
2881 2887 2929 2919 So
2958 2891 3039 2928 lange

2103 2922 2278 2953 Garibaldi's
2299 2922 2411 2961 Einfluß
2430 2922 2485 2960 hier
2500 2923 2604 2962 gefühlt
2617 2926 2696 2963 wird,
2719 2929 2749 2966 ist
2764 2930 2833 2962 keine
2848 2934 2954 2970 Gefahr
2967 2937 3038 2968 einer

2103 2970 2250 3006 ernstlichen
2271 2970 2455 3008 Ruhestörung
2474 2972 2642 3008 vorhanden,
2665 2991 2700 2998 —
2724 2979 2786 3007 aber
2799 2980 2858 3014 wie,
2881 2990 2957 3013 wenn
2971 2984 3039 3019 seine

2101 3015 2285 3053 militärischen
2305 3016 2432 3055 Pflichten
2452 3017 2499 3052 ihn
2532 3018 2701 3056 fortführen?
2740 3024 2821 3062 Diese
2852 3027 3036 3069 Verlegenheit

2100 3064 2181 3100 macht
2203 3066 2250 3094 den
2272 3063 2387 3100 Wunsch
2409 3065 2468 3100 nach
2489 3065 2629 3106 sofortiger
2651 3069 2792 3107 Annexion
2816 3081 2848 3112 zu
2869 3076 2951 3107 einem
2981 3078 3034 3108 all¬

2097 3110 2241 3148 gemeinen,
2264 3111 2327 3141 aber
2345 3119 2377 3149 zu
2398 3111 2506 3142 meinem
2527 3112 2671 3145 Bedauern
2691 3118 2755 3152 muß
2777 3119 2813 3155 ich
2843 3125 2874 3150 es
2903 3125 3034 3160 ausspre¬

2099 3157 2166 3192 chen,
2189 3158 2241 3193 daß
2260 3156 2357 3196 gewisse
2378 3158 2506 3195 Einflüsse
2527 3161 2562 3189 im
2583 3160 2672 3196 Rathe
2693 3163 2741 3194 des
2763 3164 2912 3199 Diktators
2944 3171 3032 3211 thätig

2097 3203 2166 3241 sind,
2195 3204 2276 3238 dieses
2305 3203 2355 3240 fast
2386 3204 2555 3243 einstimmige
2585 3205 2739 3246 Verlangen
2770 3220 2802 3250 zu
2833 3216 3034 3258 durchkreuzen.

474 3336 656 3389 Feuilleton.

114 3441 183 3473 Am
197 3436 272 3469 28.
287 3436 487 3470 September
501 3438 569 3466 1794
581 3435 658 3470 erließ
669 3436 710 3466 die
720 3435 882 3471 französische
893 3432 1036 3467 National¬

62 3482 295 3520 Versammlung
308 3480 355 3509 ein
369 3480 455 3514 Gesetz
466 3482 532 3512 über
545 3483 703 3518 Gründung
720 3482 795 3511 einer
812 3478 1034 3515 polytechnischen

54 3530 188 3565 Schule
220 3524 258 3553 in
285 3522 386 3555 Paris.
407 3538 437 3545 —
457 3527 501 3556 An
528 3528 674 3561 demselben
694 3527 771 3562 Tage
793 3528 884 3555 wurde
910 3524 979 3552 1651
1003 3529 1036 3557 zu

45 3570 244 3608 Nürnberg
254 3566 307 3593 der
314 3563 456 3596 Astronom
465 3568 577 3604 Johann
589 3571 701 3605 Philipp
710 3570 902 3605 Wurzeldauer
912 3571 1035 3603 geboren.

386 3701 707 3751 Neu-Zofingerverein.
719 3719 754 3757 *)

139 3774 215 3806 Der
249 3761 570 3800 Neu-Zofingerverein
595 3769 808 3808 schweizerischer
835 3774 1033 3809 Studirender,

52 3811 274 3860 gegenwärtig
293 3809 474 3840 dreihundert
486 3809 641 3843 Mitglieder
659 3816 733 3851 siark,
752 3820 844 3854 feierte
862 3821 913 3850 den
932 3820 957 3848 3.
975 3819 1032 3849 und

51 3870 82 3899 4.
97 3869 128 3898 d.
146 3864 206 3896 M.
230 3857 294 3891 sein
313 3852 588 3889 zweiundvierzigstes
601 3856 749 3892 Jahresfest
760 3862 790 3892 in
802 3864 886 3896 seiner
900 3864 1032 3896 Bunder¬

49 3910 126 3946 stadt
147 3896 317 3945 Zofingen.
357 3896 412 3929 Die
431 3896 600 3934 Begegnung
616 3907 651 3930 an
678 3902 725 3933 der
741 3905 911 3941 Kreuzstraße
931 3912 1032 3939 unweit

51 3959 228 3990 Aarburg,
245 3946 305 3976 die
323 3942 511 3977 Erneuerung
540 3945 608 3972 alter
633 3947 688 3974 und
714 3946 754 3977 die
773 3948 929 3988 Gründung
949 3961 1032 3984 neuer

51 3989 292 4039 Freundschaft,
311 3989 362 4018 der
381 3985 561 4022 gemeinsame
580 3987 708 4020 feierliche
726 3991 831 4028 Einzug
849 3995 879 4025 in
897 3995 1030 4034 Zofingen

55 4049 114 4077 und
135 4041 189 4075 die
211 4034 355 4073 herzliche
374 4031 532 4064 Aufnahme
549 4031 629 4065 durch
646 4029 732 4068 dessen
746 4035 873 4072 Bürger:
889 4043 941 4071 das
953 4042 1032 4074 Alles

60 4097 115 4121 war
136 4087 203 4119 wie
228 4083 264 4112 in
286 4076 422 4113 früheren
442 4075 559 4112 Jahren.

132 4137 197 4171 Die
221 4129 391 4167 Sitzungen
409 4125 460 4159 auf
472 4125 533 4155 dem
553 4124 719 4162 Rathhause,
737 4128 831 4161 welche
849 4129 899 4159 den
918 4132 1030 4167 größten

78 4180 143 4215 Theil
163 4183 223 4212 der
245 4173 347 4206 beiden
370 4169 491 4206 Festtage
511 4170 673 4207 ausfüllten,
691 4173 803 4203 wurden
821 4173 934 4207 eröffnet
950 4172 1031 4212 durch

85 4224 115 4256 den
129 4218 365 4267 Jahresbericht
381 4217 430 4245 des
450 4214 712 4248 Central-Comités.
744 4211 871 4250 Derselbe
889 4221 957 4255 legte
975 4224 1029 4254 von

82 4269 153 4303 einem
173 4270 269 4305 regen
290 4262 398 4293 innern
411 4260 499 4292 Leben
518 4259 548 4290 ist
561 4261 613 4291 den
626 4261 763 4296 einzelnen
777 4262 928 4296 Sektionen
941 4260 1030 4304 Zeug¬

73 4312 120 4346 niß
129 4318 173 4351 ab,
196 4313 292 4351 zeigte
305 4309 374 4338 aber
386 4304 462 4339 auch,
480 4305 533 4336 wie
549 4304 642 4338 schwer
660 4313 691 4337 es
704 4306 797 4342 gerade
814 4306 845 4339 in
863 4310 911 4341 der
920 4308 1029 4348 jetzigen

118 4396 149 4424 *)
161 4394 255 4424 Dieses
269 4388 370 4420 Referat
382 4388 440 4419 liegt
452 4386 493 4417 seit
505 4387 607 4419 längerer
613 4388 666 4418 Zeit
679 4389 705 4414 in
719 4388 806 4418 unserm
818 4382 967 4422 Portefeuille
979 4394 1028 4421 und

66 4433 146 4462 mußte
159 4434 231 4458 leider
246 4429 354 4462 früherer
365 4424 562 4458 Verpflichtungen
573 4426 650 4457 halber
662 4427 704 4454 bis
714 4427 779 4458 heute
791 4427 917 4459 verschoben
930 4431 1026 4459 werden.

1100 3313 1160 3349 Zeit
1176 3313 1220 3346 für
1245 3314 1295 3342 den
1316 3313 1419 3345 Verein
1447 3314 1486 3346 oft
1505 3311 1557 3346 sei,
1575 3313 1653 3348 jeden
1674 3315 1784 3350 Einfluß
1803 3320 1904 3351 lokaler
1921 3321 2030 3356 Partei-¬

1103 3357 1236 3392 Interessen
1262 3364 1314 3387 von
1342 3356 1388 3390 sich
1406 3357 1465 3391 fern
1484 3364 1516 3391 zu
1541 3359 1646 3387 halten:
1684 3361 1742 3391 Der
1758 3368 1813 3393 von
1833 3368 1884 3394 den
1903 3367 2027 3399 welschen

1101 3401 1252 3436 Sektionen
1281 3408 1500 3436 ausgegangenen
1528 3401 1694 3438 Anregung,
1726 3408 1960 3442 gemeinschaftlich
1985 3410 2026 3438 die

1102 3448 1281 3481 Bearbeitung
1299 3453 1353 3476 von
1373 3446 1555 3481 Biographien
1577 3448 1799 3482 ausgezeichneter
1821 3453 1973 3487 Schweizer
1991 3461 2025 3483 an

1102 3494 1180 3529 Hand
1208 3500 1239 3526 zu
1258 3495 1390 3525 nehmen,
1417 3498 1474 3520 war
1499 3497 1553 3521 von
1574 3494 1623 3520 den
1642 3493 1776 3526 deutschen
1795 3495 1951 3529 Sektionen
1971 3503 2026 3526 nur

1101 3539 1196 3568 darum
1225 3536 1295 3567 nicht
1323 3536 1509 3566 unmittelbare
1528 3535 1609 3572 Folge
1628 3538 1741 3571 gegeben
1760 3541 1891 3573 worden,
1911 3540 1973 3569 weil
1992 3540 2025 3573 sie

1101 3584 1185 3612 davon
1212 3582 1256 3615 für
1281 3581 1322 3611 die
1352 3580 1579 3614 wissenschaftliche
1606 3580 1686 3613 Seite
1714 3582 1786 3614 ihres
1814 3582 2024 3615 Vereinslebens

1100 3634 1130 3662 zu
1143 3624 1222 3662 große
1238 3625 1402 3658 Monotonie
1421 3626 1600 3658 befürchteten.
1625 3626 1752 3661 Dagegen
1771 3628 1840 3660 hatte
1853 3629 1902 3658 das
1916 3630 2025 3665 Heran¬

1101 3674 1185 3701 nahen
1205 3674 1251 3700 des
1270 3668 1497 3706 fünfzigjährigen
1516 3666 1781 3702 Vereinsjubiläums
1801 3673 1850 3701 das
1870 3673 2023 3708 Bedürfniß

1100 3717 1222 3751 geweckt,
1251 3715 1296 3746 sich
1323 3718 1371 3744 des
1397 3716 1437 3744 im
1454 3715 1534 3746 Laufe
1551 3715 1596 3742 der
1612 3713 1699 3749 Jahre
1725 3722 1911 3749 gewonnenen
1929 3718 2025 3753 Besitz¬

1100 3762 1201 3793 standes
1220 3766 1251 3794 zu
1268 3759 1462 3795 vergewissern,
1482 3762 1536 3788 und
1555 3766 1585 3793 zu
1602 3757 1695 3789 diesem
1708 3760 1807 3795 Zwecke
1829 3769 1886 3791 war
1901 3768 1956 3793 von
1974 3766 2025 3794 den

1099 3804 1293 3840 verschiedenen
1314 3804 1465 3837 Sektionen
1495 3803 1537 3833 ein
1556 3802 1741 3840 vollständiges
1761 3806 1933 3842 Verzeichniß
1952 3806 2026 3840 ihrer

1099 3849 1341 3884 Ehrenmitglieder
1375 3849 1495 3884 angelegt
1529 3849 1644 3878 worden.
1692 3848 1776 3880 Dabei
1805 3858 1861 3881 war
1890 3859 1948 3883 nun
1976 3853 2023 3884 der

1098 3896 1213 3929 Wunsch
1231 3895 1289 3925 laut
1308 3898 1466 3930 geworden,
1485 3894 1546 3924 auch
1564 3894 1725 3928 sogenannte
1744 3898 1864 3931 hospites
1885 3903 2021 3933 perpetui,

1098 3944 1124 3972 d.
1139 3943 1165 3973 h.
1179 3940 1348 3974 Mitglieder,
1368 3942 1453 3969 denen
1472 3939 1527 3973 ihre
1540 3937 1705 3973 Eigenschaft
1722 3941 1765 3970 als
1777 3940 2024 3978 Nicht-Schweizer

1099 3986 1184 4022 einige
1204 3982 1441 4019 Beschränkungen
1459 3983 1488 4014 in
1509 3985 1631 4017 Stimm-
1648 3986 1704 4013 und
1716 3984 1871 4020 Wahlrecht
1883 3989 2023 4025 auferlegt,

1098 4032 1140 4062 als
1155 4031 1397 4065 Ehrenmitglieder
1410 4030 1526 4059 dauernd
1540 4036 1572 4058 an
1586 4030 1634 4058 den
1651 4029 1751 4062 Verein
1767 4030 1854 4065 fesseln
1875 4040 1903 4067 zu
1917 4034 2023 4068 dürfen.

1099 4077 1156 4107 Der
1174 4077 1253 4104 dahin
1271 4075 1415 4110 bezügliche
1433 4075 1548 4109 Antrag,
1565 4080 1617 4103 von
1636 4075 1682 4102 der
1700 4074 1817 4108 Sektion
1832 4077 1907 4110 Genf
1916 4078 2023 4114 gestellt,

1099 4122 1163 4153 fand
1190 4118 1346 4154 allgemeine
1366 4117 1519 4156 Billigung.
1555 4117 1636 4151 Mehr
1655 4117 1840 4152 Widerspruch
1868 4123 1960 4155 erfuhr
1978 4123 2023 4153 ein

1099 4168 1204 4200 Antrag
1221 4170 1272 4195 von
1293 4165 1389 4201 Zürich
1417 4169 1472 4194 und
1493 4163 1665 4198 Solothurn,
1686 4167 1749 4196 auch
1767 4165 1910 4202 Männer,
1929 4169 2024 4201 welche

1097 4212 1168 4244 ohne
1183 4209 1210 4246 je
1230 4211 1387 4245 Mitglieder
1407 4211 1453 4240 des
1470 4209 1587 4243 Vereins
1616 4209 1730 4245 gewesen
1751 4217 1781 4246 zu
1801 4211 1876 4246 sein,
1904 4213 1949 4246 sich
1978 4220 2023 4243 um

1096 4256 1181 4290 dessen
1200 4255 1401 4290 Entwickelung
1419 4253 1579 4287 wesentliche
1597 4254 1748 4286 Verdienste
1765 4259 1904 4287 erworben
1923 4259 2024 4292 hatten,

1096 4302 1176 4333 durch
1203 4302 1367 4336 Ertheilung
1393 4302 1441 4330 der
1466 4298 1757 4334 Ehrenmitgliedschaft
1783 4302 1827 4331 als
1855 4303 2024 4340 Angehörige

1096 4347 1144 4376 des
1163 4345 1280 4378 Vereins
1298 4345 1523 4381 anzuerkennen,
1539 4345 1581 4374 die
1604 4343 1788 4382 Zustimmung
1806 4348 1854 4378 des
1875 4348 2026 4381 Gesammt¬

1095 4391 1203 4420 vereins
1231 4392 1416 4421 vorbehalten.
1451 4391 1527 4424 Doch
1549 4389 1623 4426 siegte
1644 4391 1710 4424 auch
1738 4391 1795 4425 hier
1822 4393 1867 4423 der
1889 4393 2024 4425 liberalere

1094 4433 1309 4469 Gesichtspunkt.

2149 3324 2206 3352 Der
2224 3324 2277 3357 sog.
2296 3322 2586 3360 Winkelriedsverein,
2616 3330 2763 3364 gegründet
2790 3341 2823 3368 zu
2840 3338 2902 3367 dem
2921 3341 3035 3377 Zwecke,

2095 3370 2235 3396 verwaiste
2255 3367 2391 3403 Familien
2416 3368 2627 3404 schweizerischer
2646 3373 2855 3410 Wehrmänner
2882 3390 2914 3417 zu
2941 3390 3038 3417 unter¬

2093 3411 2191 3446 stützen,
2211 3412 2280 3445 hatte
2292 3411 2338 3444 sich
2351 3415 2428 3441 durch
2446 3414 2486 3442 die
2499 3413 2618 3446 Sektion
2631 3417 2709 3452 Genf
2725 3427 2758 3450 an
2774 3423 2816 3454 die
2831 3426 3036 3466 Neu-Zofinger

2093 3457 2226 3489 gewandt,
2256 3457 2339 3485 damit
2363 3457 2427 3490 diese
2447 3457 2502 3486 ihm
2523 3465 2568 3492 zur
2587 3461 2746 3500 Gründung
2775 3468 2854 3501 eines
2874 3474 2971 3508 Fonds
2989 3480 3034 3506 be¬

2092 3499 2200 3533 hülflich
2219 3499 2297 3532 seien.
2328 3501 2377 3530 Die
2392 3501 2650 3540 Festversammlung
2665 3509 2772 3542 glaubte
2793 3511 2885 3549 jedoch
2904 3521 2953 3553 auf
2968 3522 3037 3557 diese

2091 3544 2269 3580 Zumuthung
2288 3544 2359 3576 nicht
2377 3547 2504 3580 eingehen
2525 3554 2557 3581 zu
2576 3547 2701 3588 können,
2721 3555 2765 3587 bis
2785 3565 2846 3591 jene
2868 3563 3037 3601 Gesellschaft

2091 3587 2138 3618 sich
2165 3589 2227 3621 nach
2252 3588 2349 3621 Wesen
2375 3592 2431 3618 und
2459 3589 2546 3625 Zweck
2573 3593 2739 3629 bestimmter
2768 3601 2921 3638 konstituirt
2951 3613 3034 3641 baden

2091 3633 2190 3666 würde,
2211 3633 2265 3662 und
2278 3633 2410 3664 überwies
2427 3634 2508 3668 daher
2522 3637 2564 3667 die
2578 3638 2795 3678 Angelegenheit
2809 3648 2970 3684 einstweilen
2984 3658 3033 3686 den

2092 3676 2225 3711 einzelnen
2247 3677 2399 3711 Sektionen
2419 3685 2449 3713 zu
2473 3680 2555 3713 freier
2574 3682 2719 3724 Prüfung.
2756 3692 2910 3729 Abgesehen
2936 3701 3033 3736 davon,

2089 3719 2140 3753 daß
2159 3723 2204 3750 der
2216 3722 2341 3754 Student
2353 3730 2391 3752 im
2406 3722 2594 3757 Allgemeinen
2609 3732 2732 3768 weniger
2744 3735 2785 3766 im
2801 3739 2879 3774 Falle
2891 3742 2929 3776 ist,
2944 3743 3032 3778 seinen

2091 3765 2227 3800 Gefühlen
2255 3774 2333 3797 einen
2355 3769 2521 3801 pecuniären
2540 3772 2679 3806 Ausdruck
2700 3785 2732 3814 zu
2751 3785 2845 3818 geben,
2865 3785 2955 3820 mußte
2973 3795 3032 3819 eine

2093 3810 2236 3846 Beisteuer,
2254 3816 2307 3841 von
2327 3811 2401 3847 jeder
2415 3814 2536 3847 Sektion
2555 3817 2584 3848 in
2604 3819 2677 3852 ihrer
2692 3824 2914 3864 Vollständigkeit
2933 3837 3032 3862 veran¬

2091 3856 2190 3889 staltet,
2218 3855 2426 3889 voraussichtlich
2456 3862 2499 3889 ein
2529 3866 2592 3892 weit
2618 3866 2823 3901 bedeutenderes
2843 3875 2965 3907 Resultat
2983 3884 3030 3912 zur

2090 3901 2174 3937 Folge
2189 3903 2283 3936 haben,
2303 3903 2347 3932 als
2366 3909 2397 3933 es
2416 3905 2497 3935 durch
2511 3906 2570 3936 eine
2582 3909 2705 3941 Kollekte
2718 3920 2753 3942 an
2765 3917 2813 3945 der
2826 3918 3032 3955 Festversamm¬

2090 3946 2157 3981 lung
2175 3946 2263 3981 erzielt
2275 3948 2382 3977 werden
2395 3948 2502 3979 konnte.
2530 3952 2583 3983 Die
2602 3957 2686 3985 rechte
2705 3958 2872 3995 Sympathie
2890 3965 2935 3998 für
2947 3967 3030 4000 solche

2090 3992 2352 4026 Unternehmungen
2379 3994 2448 4023 wird
2473 3996 2600 4028 ohnedies
2627 3999 2675 4032 erst
2691 4004 2769 4036 durch
2789 4005 2831 4036 die
2850 4007 2964 4041 Stunde
2983 4012 3030 4042 der

2091 4036 2165 4070 Noth
2182 4037 2299 4071 geweckt.

2144 4080 2199 4112 Die
2216 4082 2333 4115 deutsche
2347 4082 2466 4120 Festrede
2479 4090 2533 4114 von
2546 4089 2620 4121 Hrn.
2634 4089 2749 4125 Vogel
2767 4099 2820 4123 aus
2832 4095 2933 4131 Luzern
2946 4100 3032 4134 suchte

2089 4124 2195 4157 Würde
2208 4129 2264 4156 und
2278 4127 2371 4161 Größe
2383 4135 2459 4159 eines
2472 4129 2559 4162 Volks
2571 4132 2621 4166 auf
2630 4133 2757 4165 dieselben
2771 4137 2900 4172 sittlichen
2912 4143 3031 4176 Grund¬

2090 4170 2168 4205 lagen
2187 4172 2422 4208 zurückzuführen,
2441 4174 2535 4205 welche
2552 4177 2615 4206 auch
2632 4177 2693 4207 dem
2712 4180 2850 4215 einzelnen
2869 4186 3032 4223 Menschen¬

2091 4215 2167 4246 leben
2180 4216 2260 4251 Kraft
2279 4221 2333 4247 und
2350 4218 2506 4253 Bedeutung
2525 4220 2625 4254 geben;
2642 4221 2684 4252 die
2704 4224 2873 4264 französische
2885 4237 2941 4264 von
2957 4236 3032 4270 Hrn.

2090 4260 2165 4296 Lutz
2192 4269 2244 4292 aus
2271 4262 2348 4296 Genf
2379 4262 2534 4292 entwickelte
2562 4263 2599 4292 im
2629 4264 2779 4301 Einzelnen
2805 4272 2850 4304 die
2878 4278 3032 4318 Aufgaben,

2090 4305 2185 4337 welche
2203 4308 2250 4337 der
2267 4306 2480 4340 schweizerischen
2497 4306 2600 4340 Politik
2627 4315 2680 4340 aus
2703 4313 2752 4343 der
2770 4317 2956 4361 Verbindung
2973 4330 3034 4357 ver¬

2092 4350 2238 4386 schiedener
2254 4351 2468 4384 Nationalitäten
2486 4351 2516 4380 in
2534 4351 2641 4384 unserm
2661 4356 2832 4395 Vaterlande
2851 4369 3011 4403 erwachen.

2146 4397 2221 4430 Nach
2244 4398 2305 4425 dem
2324 4390 2427 4428 Schluß
2443 4397 2490 4424 der
2505 4395 2660 4434 Sitzungen
2678 4403 2826 4443 vereinigte
2844 4410 2912 4442 man
2927 4413 2974 4447 sich
2991 4412 3030 4444 im

2093 4439 2304 4476 Schützenhause
2332 4436 2391 4477 zum
2406 4437 2555 4474 fröhlichen
2575 4442 2720 4481 Festmahl.
2755 4450 2833 4485 Dem
2849 4449 3030 4494 Trinkspruch
