4110 5551
427 629 705 691 Beilage
367 719 785 781 zu Nr. 337
1034 588 3190 817 Neue Zürcher Zeitung
3494 646 3824 706 Sonntag,
3373 734 3947 798 4. Dezbr. 1904
504 917 881 950 Schweizerarchitektur.
414 971 968 994 Von Architekt Eugen Probst.
292 1017 1139 1048 In den letzten Jahren haben sich die Anzeichen da¬
240 1049 1141 1086 für gemehrt, daß unsere neuerungssüchtige, atemlos da¬
235 1087 1140 1123 hinhastende Zeit über Ziel und Zweck ihrer Bestrebungen
234 1124 1140 1161 nachzudenken beginnt. Man besinnt sich auf sich selbst
230 1162 1134 1199 und hält im stürmischen Lauf inne, um einmal zurück¬
232 1200 1136 1235 zublicken und sich darüber klar zu werden, was den
236 1236 1140 1272 nun eigentlich gewonnen ist in dieser Zeit des gewaltigen
237 1273 1140 1310 Fortschrittes an bleibenden Werten, an Errungenschaften,
233 1311 1135 1348 die wirkliche nachhaltige Befriedigung gewähren. Und
236 1349 1135 1385 man wird sich darüber klar, daß des tatsächlichen Kul¬
239 1384 1141 1423 turgewinnes weniger ist, als man vermeinte, man er¬
235 1418 1140 1462 kennt, daß das Erreichte mit schweren, vielfach unersetz¬
239 1459 1137 1499 lichen Verlusten erkauft ist. Und was ist an ihre Stelle
236 1494 1139 1537 getreten? Nicht viel, von dem man sagen könnte, daß
237 1534 1141 1575 es auch nur annähernd auf der gleichen künstlerische
238 1572 1140 1612 Höhe stehe oder dieselbe Befriedigung böte wie das Ver¬
230 1609 1144 1650 lorene. In jeder Stadt unterscheiden sich ja die neuern
232 1648 1140 1687 von den ältern Stadtteilen in erster Linie durch den
235 1685 1140 1723 ungleich tiefer stehenden Geschmack, dessen Tiefstand gar
238 1724 1140 1761 oft nicht einmal durch entsprechend höhere Zweckmäßig¬
238 1758 1141 1799 keit aufgewogen wird; es fehlt zudem an Charakter
232 1797 1144 1836 und Eigenart. Die Mehrzahl unserer modernen Bauten
237 1837 1139 1873 können ebenso gut in irgend einer Stadt Deutsch¬
239 1874 1140 1910 lands oder Oesterreichs stehen, so schablonenhaft und
240 1906 1142 1949 nichtssagend sind sie, die Fassaden überladen mit lächer¬
234 1946 1144 1986 lichem, internationalen Zierat, die Rückseiten gefängnis¬
236 1982 1140 2025 mäßig, kahl und nüchtern. „Wollte man bei beschei¬
233 2020 1143 2063 denen Bauten schön sein, so nagelte man griechische
243 2059 1144 2100 Säulenordnungen vor die Mietskasernen, imitierte mit
239 2097 1142 2136 deutschen Landhäuschen italienische Pallazzi und baute
242 2132 1144 2173 als Bedürfnisanstalten in Straßenecken Rundtempel mit
238 2171 1141 2209 gegossenen Säulen, gewalzten Epistylen und gestanzten
238 2210 425 2234 Akroterien."
295 2245 1141 2292 Dank den vielen und großen Anstrengungen, welche
241 2284 1142 2329 von Vereinen, Privaten und auch Behörden in den
240 2322 1142 2366 letzten Jahren gemacht wurden, um den Sinn für eine
239 2357 1142 2403 gute und gesunde Batart wieder im Volke zu wecken,
240 2393 1141 2440 hat sich das Verständnis und die Einsicht, daß auf die
240 2430 1140 2477 bisherige Weise nicht mehr fortgefahren verden darf,
239 2467 1141 2515 mächtig gesteigert, aber noch ist nicht genug getan und
240 2504 1141 2553 wir müssen unablässig tätig sein, um zu erreichen, daß
239 2543 1141 2590 die Baukunst ihren erhabenen Beruf wieder wahrhaft
239 2579 1142 2627 erfüllen kann und dazu muß sie vor allem wieder
242 2617 1142 2665 Wurzel schlagen in den Herzen des Volkes. Mit Be¬
241 2655 1144 2702 geisterung muß jeder Schritt begrüßt werden, der in
239 2693 1142 2739 dieser Hinsicht wirkt. Es ist uns darum auch eine be¬
242 2730 1143 2778 sondere Freude, an dieser Stelle über ein Werk zu be¬
240 2768 1142 2815 richten, das kürzlich erschienen ist: Augen auf!
242 2808 1142 2852 Schweizer Bauart alter und neuer Zeit
243 2843 1142 2891 betitelt sich ein stattlicher Band von G. Fatio und
242 2883 1143 2928 G. Luck, der in Wort und Bild in leicht verständ¬
239 2919 1142 2966 licher Weise uns die Schönheiten unserer Stadt- und
241 2955 1145 3004 Landarchitekturen vorführt und jedermann die Augen
242 2997 1144 3041 zu öffnen sucht, für das, was an seinem Hause, an
239 3031 1143 3078 Bauten seiner Vaterstadt, seines Wohnortes interessant,
240 3068 813 3104 künstlerisch und erhaltenswert ist.*)
300 3106 1142 3152 Das auch in französischer Sprache erschienene Buch
241 3145 1141 3189 zerfällt in zwei Teile, einen ersten nach „Regionen" und
240 3182 1141 3227 einen zweiten nach „Epochen" geordnet. Die verschieden¬
240 3220 1141 3265 farbig getönten, sauber und reizend ausgeführten Feder¬
242 3255 1141 3302 zeichnungen sind durchweg vom rein malerischen Stand¬
243 3293 1142 3340 punkt und auf die Wirkung berechnet, gegeben, ein Vor¬
241 3332 1143 3377 zug, der auch dem architektonisch weniger geübten Auge
244 3370 1143 3415 von Wert ist; sie geben eine Sammlung origineeller und
240 3408 1144 3453 künstlerisch schöner Motive. Die Illustratoren gingen
242 3445 1143 3490 offenbar von dem ganz richtigen Standpunkt aus, die
240 3483 1144 3526 Objekte so darzustellen wie sie wirken und nicht wie sie
242 3519 1144 3565 sind, eine Auffassung, die in ihrer Wahrheit leider den
240 3559 1143 3600 modernen, ausführenden Baukünstlern noch viel zu
240 3597 1138 3637 wenig bekannt, geschweige denn von ihnen anerkannt ist.
242 3634 1146 3677 Der Text ist fließend geschrieben, populär verständlich
241 3669 1144 3715 gehalten, und namentlich in der französischen Ausgabe
240 3714 1146 3750 von jener distinguierten Ausdrucksweise, über die diese
242 3748 510 3778 Sprache verfügt.
301 3792 1147 3826 Im ersten Teil des Buches werden die mannigfachen
243 3820 1149 3865 Stilrichtungen und Haustypen charakterisiert, wie sie
242 3859 1145 3903 sich im Laufe der Jahrhunderte in verschiedenen Gebieten
243 3893 1149 3943 der Schweiz entwickelt und teilweise auch ausgebildet
245 3934 1148 3980 haben. Das erste Kapitel behandelt die Wohnstätten
244 3971 1148 4018 des Hochgebirges, jene einfachen Häuser, die lediglich
242 4007 1148 4056 praktischen Rücksichten ihre Existenz verdanken; künst¬
242 4047 1146 4093 lerische Gesichtspunkte kamen hier nicht in Frage. Trotz¬
241 4086 1148 4131 dem wirken diese Häuser so anziehend malerisch, wie
243 4122 1146 4169 dies eben nur ein gesunder, naiver, allem Abstrakten
242 4161 1145 4205 ferner Sinn hervorbringen kann. Im folgenden Ab¬
245 4203 1145 4239 schnitt behandelt der Verfasser das Aaretal mit seinen
246 4240 1147 4276 Nebentälern, die Zeutral- und Westschweiz ohne Jura
248 4277 1148 4314 und Genfersee. Dem in seiner Kunst so weit und voll¬
251 4315 1150 4352 kommen ausgebildeten Holzbau des Berneroberlandes,
248 4352 1150 4391 der infolge seiner reichen Ausbildung bei Forschern und
242 4392 1144 4428 Künstlern längst das größte Interesse gefunden, wird
245 4429 1146 4465 besondere Aufmerksamkeit geschenkt. In bezug auf den
243 4466 1143 4502 ganzen Aufbau, in der architektonischen Gliederung und Ge¬
239 4503 1150 4540 schlossenheit, sowie im großen Reichtum der Formen bei
238 4541 1150 4576 gleichem Materialverbrauch kommt kein Haus der Schweiz
245 4577 1145 4614 dem Berneroberländertypus gleich. Wie kräftig und
243 4615 1144 4651 stolz, wie freundlich und heimelig zugleich muten uns
243 4652 1143 4689 diese Fassaden an, die mit ihrem weißen Unterbau, dem
247 4690 1149 4726 tiefroten Ton der Holzgewäde und dem steinbeschwerten
246 4727 1147 4764 Schindeldach zu der saftig grünen Alpenumgebung so
245 4765 1148 4802 wundervoll stimmen. Wir hätten es begrüßt, wenn
244 4803 1146 4839 eines der herrlichen Doppelhäuser aus Erlenbach oder
245 4840 1145 4875 Boltigen hier aufgenommen worden wäre, in der „Bauern¬
245 4876 1146 4912 haus"-Publikation sind sie leider nicht und doch gehören
245 4913 1145 4949 sie zum Schönsten und Besten was wir in Holzarchi¬
244 4950 1145 4987 tektur besitzen. Von Länderhaus wird sodann das der
244 4988 1147 5026 Zentralschweiz erwähnt mit den typischen Vordächern
248 5027 1149 5064 über den zu zwei bis fünf gruppierten Fenstern. Dann
240 5065 1140 5101 kommen wir vom Bernermittelland mit seinem monu¬
245 5102 1147 5139 mentalen Bauernhof der Aare entlang in das Gebier
242 5140 515 5167 des Strohdaches.
303 5183 1146 5216 Nach diesem großen Streifzug folgen die einzelnen
245 5217 1145 5245 Städte dieses Gebietes, jeweilen mit dem Hinweis auf
302 5263 1145 5297 *) Augen auf! Schweizer Bauart alter
245 5298 1147 5331 und neuer Zeit von G. Fatio und G. Luck,
242 5332 1141 5364 mit 200 Illustrationen nach Aquarellen und Zeichnungen
243 5365 1143 5397 von J. J. Redmond, A. Pellegrini und E. Robida. Ver¬
242 5398 926 5424 lag der Genfer Verlagsgesellschaft „Atar".
1188 907 2112 940 die ortsüblichen Motive. Da ist Thun, diese reizende
1193 941 2094 978 Altstadt mit den auf und abgehenden Terrassen, den
1189 979 2092 1015 darüber befindlichen Magazinen und den darunter ge¬
1192 1016 2096 1052 legenen Kellerräumen, welche den Bauleuten von damals
1195 1053 2097 1091 so famose Lösungen füe Haus- und Kellereingänge boten.
1190 1092 2093 1129 Darüber, die weitvorspringenden alles beschützenden
1190 1130 2093 1166 Dächer. Keine andere Schweizerstadt hat eine so ori¬
1190 1167 2094 1204 ginelle und zugleich malerische Anlage wie diese Berner¬
1189 1205 2092 1241 stadt. Freiburg, unser schweizerisches Nürnberg, weist
1190 1242 2093 1278 einen ganz anderen Charakter auf. Wir kommen nach
1192 1279 2094 1316 Bern mit seiner behäbigen, aristokratischen Architektur,
1192 1317 2095 1354 wo die Denkmäler der einstigen, stolzen Republik eine
1192 1355 2095 1392 selbstbewußte, kräftige und edle Sprache reden. Der
1189 1393 2090 1430 imposante Eindruck, den die breiten Strasßen mit den
1189 1431 2091 1468 prächtigen Türmen auf den Beschauer machen, muß auch
1193 1469 2093 1506 auf den modernen Städtebauer seine Wirkung ausüben.
1193 1507 2094 1543 Ueberall die gleiche glückliche Gruppierung der Häuser,
1193 1544 2094 1581 dieselbe Harmonie. Möge ein gutes Omen über der
1193 1582 2092 1620 Stadt walten, damit das prächtige Stadtbild nicht allzu
1192 1621 2091 1658 rasch vernichtet wird. Die nun bestehende Bauverordnung
1192 1659 2093 1697 gibt hiezu das beste Mittel, wenn sie weiter als bloß
1195 1698 2092 1734 bis zur papiernen Form gedeiht. Wie Bern so Murten,
1192 1735 2093 1771 ein köstliches Kleinod alter schweizerischer Eigenart mit
1194 1772 2092 1808 den schönen mittelalterlichen Festungswerken, welche noch
1194 1809 2093 1846 an die glorreiche Vergangenheit der Eidgenossenschaft ge¬
1196 1847 2096 1884 mahnen. Keine Verkehrsfanatiker haben bis jetzt ihre
1196 1885 2094 1923 Zerstörungswut an den alten Mauern probiert, und doch
1193 1924 2092 1961 droht ihmen der Untergang, weil nichts für ihre Erhal¬
1193 1962 2094 1998 tung getan wird. Augen auf! Hier ist es Zeit, daß
1186 1999 2085 2037 etwas geschieht, bevor ein Teil der Mauern nach dem
1191 2038 1390 2064 andern fällt.
1253 2090 2095 2122 Die charaklervollen Berner Lanbkirchen mit ihren
1196 2122 2095 2160 hölzernen Gaden und beschindelten Helmen sollen nur
1192 2161 1481 2187 kurz erwähnt sein.
1251 2204 2094 2236 Ein folgendes Kapitel behandelt die unter italienischem
1191 2237 2092 2273 Einfluß entstandenen Bauten, die Häuser des Rheintals
1194 2274 2096 2312 und seiner Nebentäler, Nordostschweiz und Nordschweiz.
1194 2313 2094 2350 Wir vermissen ein Bild aus Werdenberg, diesem einzigen
1191 2351 2092 2390 Städtchen im st. gallischen Rheintal, das einer Feuers¬
1194 2391 2095 2427 brunst bisher entgangen ist. Seine alten Häuser sind
1193 2428 2092 2466 für die dortige Gegend recht typisch. Auch das Engadin
1190 2467 2089 2504 ist hier mit einbezogen, jenes Hochtal, wo wir den eigen¬
1191 2505 2091 2542 artigsten und besterhaltenen Typs der schweizerischen
1191 2543 2093 2581 Hausbauten treffen. Vom Dorfplatz in Schuls gibt
1194 2582 2093 2618 Pellegrini ein reizendes Bild. Es folgt das wald- und
1190 2619 2085 2655 wiesengrüne Appenzellerland mit seinen blendend saubern
1194 2656 2093 2694 Holzfassaden im Talgelände, und den geschindelten rot¬
1193 2695 2088 2731 braunen in den obern Regionen; auch der Fachwerkbau
1195 2732 2093 2769 des Thurgaus wird charakterisiert. Wir wandern nach
1193 2770 2092 2807 Stein am Rhein, diesem Stadtbild voll Anmut und
1194 2808 2090 2845 Grazie. Die Namen „roten Ochsen", „St. Georgen¬
1194 2846 2092 2881 kloster", „Hohenklingen" genügen, um bei Eingeweihten
1196 2882 2094 2918 den unvergleichlichen Zauber dieses Städtchens in Er¬
1195 2919 2094 2957 innerung zu rufen. Auch Zug ist en idyllischer Ort,
1195 2958 2092 2995 wo man immer wieder mit Vergnügen einige Stunden
1197 2996 2096 3032 verweilt. Wie selbstbewußt steht das Großbaus da mit
1195 3033 2094 3070 seinem unregelmäßigen Gibel, wie reizend ist die obere
1195 3071 2095 3106 Ausbildung mit dem Erkerkern am Haus zum „Ochsen",
1193 3107 2092 3144 und welchem Besucher stände nicht das köstliche Bild in
1194 3145 2094 3181 Erinnerung, das die alten Häuser beim Rathaus und
1194 3182 2090 3218 Stadthaus bilden, wo der Zeitturm als wirksame Folie
1191 3219 2092 3256 den Hintergrund abschließt. Fatio gibt noch eine Zeich¬
1190 3257 2087 3293 nung vom Stadthaus in Zug vor der famosen
1194 3294 2091 3330 „Renovation": wir sind ihm dafür dankbar, gehört
1193 3331 2091 3368 doch diese sogenannte Wiederherstellung zu den¬
1193 3369 2090 3407 jenigen Mustern, welche zeinen, wie man es nicht
1193 3408 2091 3444 machen soll. Auch die kleineren Städte wie Mellingen
1193 3445 2092 3482 und Bremgarten sind in diesem Kapitel berücksichtigt.
1193 3483 2092 3520 Mit einem Abschnitt über die Architektur des Rhone¬
1199 3521 2097 3557 gebietes, des Waadtlandes und einem Ueberblick über
1195 3558 2096 3595 das jurassische Bauernhaus schließt der erste Teil des
1194 3596 2095 3632 Buches. Die Verfasser zeigen uns hier einige von den
1197 3633 2097 3670 kleinen Kapellen, welche, so auspruchslos in der Ve¬
1193 3671 2095 3708 handlug, noch häufig im Wallis zu finden sind, fer¬
1195 3709 2095 3745 ner flotte, stolze Häuser aus der Waadt mit den hohen,
1198 3746 2096 3783 weit vorspringenden Dächern und langen Dachsvitzen,
1199 3783 2092 3821 Der Einfluß der Bernerherrschaft hat hier allenthalben
1201 3822 1803 3849 seine kräftigen Spuren zurückgelassen.
1257 3864 2097 3897 Kann man den ersten Teil des Buches gleichsam
1197 3898 2093 3933 einen architektonischen Spaziergang durch die Schweiz
1200 3934 2097 3971 nennen, so ist der nach „Epochen" geteilte zweite Ab¬
1199 3972 1737 4001 schnitt mehr geschichtlicher Natur.
1253 4015 2096 4046 Im ersten Kapitel dieses zweiten Teiles „Kirchen
1201 4047 2099 4083 und Klöster 11.—15. Jahrhundert" werden wir neben
1196 4084 2096 4122 den großen Kathedralen auch auf die kleinern Gottes¬
1199 4123 2098 4160 häuser mit ihrer oft sehr mannigfach gestalteten Turm¬
1197 4161 2095 4197 ausbildung aufmerksam gemacht. Die „Burgen und
1197 4198 2094 4235 Schlösser 12.—15. Jahrhundert", sind im folgenden
1197 4236 2099 4274 Kapitel durch eine ganze Anzahl reizender Bilder ver¬
1197 4275 2094 4311 treten. Im Tert sind bisweilen noch Ansichten und
1194 4312 2091 4348 Meinungen vertreten, die mit dem heutigen Stand
1192 4349 2094 4385 der Burgenforschung nicht mehr Schritt halten können.
1192 4386 2094 4423 Der Renaissance 16. und 17. Jahrhundert ist das
1192 4424 2097 4460 dritte Kapilel gewidmet, die herrlichen Rathäuser von
1192 4461 2097 4497 Luzern, Lausanne, Freiburg und Zürich sind z. T. ein¬
1195 4498 2094 4534 gehend beschrieben. Die schöne Barockbauten, wie sie
1194 4535 2097 4571 namentlich unter französischem Einfluß im westlichen
1195 4572 2098 4609 Teil der Schweiz und in Basel entstanden sind, werden
1194 4610 2096 4646 in einem folgenden Abschnitt durch einige typische
1195 4647 2098 4685 Beispiele genügend charakterisiert, um dieser schon lange
1195 4686 2097 4722 vernachlässigten Stilrichtung wieder gebührende Beach¬
1194 4723 2097 4760 tung zu schenken. Auch der Anlage der französischen
1194 4761 2096 4797 Gärten mit ihren geraden Alleen und symmetrischen
1195 4798 2097 4835 Terrassen, wie sie im 18. Jahrhundert überall auf¬
1196 4836 1682 4864 kamen, ist Erwähnung getan.
1254 4879 2099 4910 Bei dem „Zeitalter der Banalität 19. Jahrhundert"
1199 4911 2102 4947 wollen wir uns nicht ohne Not aufhalten, es spricht
1196 4948 2099 4984 für sich selbst. Die unter diesem Kapitel gegebenen
1202 4985 2102 5022 Zeichnungen wirken in ihrer Behandlung noch viel zu
1198 5023 2100 5058 schön, um den eminenten Niedergang der Baukunst in
1199 5059 2101 5095 der zweiten Häfte des 19. Jahrhunderts richtig zum
1199 5096 2102 5132 Ausdruck zu bringen. Die dargestellten Objekte mögen
1199 5133 2102 5169 immerhin als abschreckende Beispiele ihrem Zweck
1197 5170 2098 5207 dienen. Das letzte Kapitel „Zur Anwendung" betitelt,
1198 5208 2101 5244 möchten wir jedem Leser zum zwei- und dreimaligen
1195 5245 2101 5281 Lesen empfehlen. In anschaulichster Weise werden die
1193 5282 2097 5319 Vorzüge einer charaktervollen, gesunden Bauart ge¬
1197 5320 2100 5358 schildert und nach Art des von Schultze-Naumburg in
1198 5359 2097 5396 seinen „Kulturarbeiten" angewandten Weise mit Beispiel
1191 5397 2097 5424 und Gegenbeispiel illustriert. Gleichzeitig wird auch die
2143 912 3046 945 Behandlung des modernen Architekturdetails kritisiert
2141 939 3045 984 und auf die paktische Anwendungen der alten, ein¬
2141 985 3046 1022 fachen Formen hingewiesen, die, obschon sie sich mit
2141 1017 3044 1061 dem herkömmlichen Kunstbegriff nicht decken, dennoch
2141 1055 3043 1098 die wahre künstlerische Vergangenheit des Volkes ver¬
2142 1094 3037 1134 körpern. Auch dem Schutz der Landschaft wird erfreu¬
2139 1135 2615 1161 licherweise das Wort geredet.
2197 1172 3043 1212 Möchte doch dieses schöne und wahrhaft zeitgemäsße
2140 1206 3041 1250 und erzieherische Buch nicht sowohl bei unsern Familien
2139 1245 3041 1287 als hauptsächlich auch bei den Stadt- und Landbau¬
2142 1282 3040 1324 meistern, die am nachhaltigsten bei der Umgestaltung
2140 1319 3039 1362 des Antlitzes unseres schönen Landes tätig sind, Ein¬
2140 1357 3042 1399 gang finden! Es verdient die weiteste Verbreitung
2140 1393 3038 1436 und größte Würdigung. „Was von der Vorzeit Kunst
2142 1430 3054 1473 geblieben und sich an Altertümern fand, das ist in
2139 1465 3042 1502 diesem Wert beschrieben aus Liebe zu dem Heimatland."
2382 1549 2803 1587 Ein Genfer Humanist.
2140 1599 3042 1632 Das Jubiläum Professor Jules Nicoles.
2729 1653 2987 1676 Genf, 2. Dez.
2192 1681 3043 1721 Etwa hundert Teilnehmer zähle das Bankett, das
2140 1716 3043 1759 gestern abend im Hotel Metropole von der Faculté des
2141 1754 3041 1797 lettres zu Ehren der dreißigjäbrigen Lehrtätigkeit Jules
2143 1789 3043 1835 Nicoles an der Genfer Hochschule veranstaltet worden
2140 1831 3042 1872 war. Selten trug eine Universitätsfeier einen so spon¬
2140 1865 3043 1910 tanen Charakter, wurde so einstimmig mit Begeisterung
2144 1903 3043 1947 aufgenommen. Niemals war eine verdienter. Pro¬
2140 1942 3043 1984 fessoren, Doktoren, Studenten, frühere Schüler, Freunde
2140 1977 3044 2022 und einfache Bewunderer des Gelehrten waren mit
2146 2017 3043 2060 Freuden dem Appell gefolgt, handelte es sich doch dar¬
2141 2054 3043 2098 um, in Jules Nicole den Mann zu ehren, der, wie
2141 2093 3044 2135 man gestern Abend sagte, verstanden hat, die Tradition
2144 2129 3043 2174 des genferischen Humanismus wieder anzuknüpfen, die
2141 2167 3044 2211 der Scaliger, der Casaubonus und Estienne. Jules
2144 2206 3044 2249 Nicole ist wirklich der vollkommene Vertreter der großen
2145 2242 3044 2286 Philologenschule, nicht derjenigen der Pedanten, die in
2143 2280 3044 2323 alle Unendlichkeit sich streiten wegen eines vergessenen
2144 2316 3044 2362 Komnas oder eines schon tausendmal kommentierten
2146 2357 3044 2399 Textes, sondern der Schule derer, die entdecken, die aus
2143 2392 3040 2437 dem Staub der Manuskripte Menschen mit ihren
2144 2431 3045 2474 Gedanken und Werken wieder aufleben lassen, die man
2141 2470 2694 2502 längst für tot und vergessen hielt.
2201 2512 3045 2550 Der erste Teil der wissenschaftlichen Laufbahn Ni¬
2142 2546 3044 2588 coles war der Ausgrabung, Entzifferung, Publikation,
2141 2583 3043 2625 Uebersetzung und Interpretation der griechischen Manu¬
2140 2621 3044 2662 skripte gewidmet, die vernachlässigt, vergessen oder gar
2139 2658 3044 2699 nicht gekannt in der öffentlichen Bibliothek in Genf
2144 2696 3040 2738 schlummerten. Seinen Ruf in der wissenschaftlichen Welt
2140 2733 3041 2775 begründete er, als er, seit 1891, die beiden gewaltigen
2141 2770 3040 2812 Bände der Genfer Scholien zur Ilias herausgab, be¬
2140 2807 3040 2850 gleitet von einer gelehrten historischen und kritischen
2142 2847 3041 2887 Studie über das Mauskript Genevensis 44 oder Codex
2147 2884 3043 2923 Ignotus Henri Estiennes. Dieses von der Gesellschaft zur
2144 2920 3043 2960 Förderung der griechischen Studien in Frankreich ge¬
2146 2957 3044 2999 krönte Werk rückte Nicole in die erste Reihe der meist¬
2146 2994 3044 3037 beachteten Homer-Kommentatoren, und künftig wird nie¬
2144 3033 3043 3074 mand mehr wissenschaftlich die Ilias studieren, ohne
2144 3072 3043 3109 sich auf die Untersuchungen des Genfer Gelehrten zu
2143 3110 2272 3136 beziehen.
2198 3149 3042 3187 1892 lieferte ein zweites griechisches Manuskript
2143 3183 3043 3224 unserer Bibliothek, weniger wichtig, aber ungemein merk¬
2139 3221 3041 3262 würdig, ein Abriß des Kommentars des Hierokles, Prof.
2140 3258 3042 3299 Nicole den Gegenstand einer kurzen, interessanten Studie
2140 3296 3041 3337 über diesen „christianisierten Traktat der heidnischen
2141 3333 3041 3374 Moral". Im folgenden Jahre war es das Manuskript
2142 3370 3040 3411 Genevensis 23, der, mit lateinischer Uebersetzung und
2142 3408 3040 3448 exegetischen und kritischen Noten und Varianten ver¬
2143 3445 3052 3486 sehen, unter dem Titel „Le Livre du Prétet oder Edit.
2144 3483 3040 3523 de L'Empereur Léon le Sage sur les corporations de
2143 3519 3041 3561 Constantinople" erschien. Diese Publikation erregte
2145 3557 3041 3600 größtes Aufsehen in der Welt der byzantinischen Studien
2145 3597 3043 3637 und wurde, 1894 ins Französische übersetzt, auch von
2147 3634 3044 3674 den Rechtshistorikern und juristischen Zeitschriften sehr
2143 3670 3045 3712 bemerkt, welche die überraschende Analogie des byzan¬
2149 3708 3045 3749 tinischen Staatsbetriebes mit dem unserer Tage hervor¬
2150 3747 3047 3787 hoben und die noch frappantere Aehnlichkeit zwischen
2146 3783 3043 3824 der polizeilichen Organisation der Zunftgenossenschaften
2145 3822 3046 3862 des 10. Jahrhunderts in Byzanz und der obligatorischen
2146 3858 3046 3899 Syndikate, die man uns heute als einen Forrschritt und
2146 3900 2709 3926 eine Panacee auferlegen möchte.
2203 3940 3049 3975 Die Entdeckung der griechischen und lateinischen Pa¬
2145 3973 3050 4013 pyri in Aegypten gab der wissenschaktlichen Tätigkeit
2146 4011 3047 4050 Nicoles eine neue Richtung und einen neuen Imputs.
2145 4047 3049 4088 Sobald diese Entdeckungen bekannt wurden, machte sich
2148 4086 3049 4125 der Genfer Gelehrte nach Aegypten auf und brachte von
2145 4122 3048 4163 dort, dank einer zu diesem Zweck eröffneten Subskription,
2146 4164 3050 4200 eine schöne Kollektion Papyri heim, die als eine der
2150 4198 3049 4238 reichsten in Europa gilt. Aus diesem kostbaren Material
2148 4239 3049 4275 hat Jules Nicole eine Menge von Briefen, Akten und
2148 4276 3050 4312 wertvollen Dokumenten entziffert, wiederhergestellt und
2147 4313 3050 4350 ediert; hauptsächlich ist es ein reicher literarischer Schatz,
2146 4351 3052 4388 die unbekannten Fragmente des „Landmanns" von Menan¬
2146 4389 3052 4425 der (1897), den Nicole gehoben hat. So hatte Theodor
2148 4426 3051 4462 Mommsen das Recht, an Nicole gleich zu Anfang von
2147 4463 3052 4500 dessen Nachforschungen zu schreiben: „Ich verde nur die
2147 4501 3051 4538 Morgenröte der Papyrus-Aera sehen, aber dieses Mor¬
2147 4539 2631 4566 genrot schon ist ein Wunder."
2204 4580 3052 4612 Die universelle Berühmtheit, die Nicole sich in der
2147 4613 3053 4650 Philologenwelt zu erringen verstanden hat, wird dadurch
2149 4651 3054 4688 bezeugt, daß mehr als vierzig der berühmtesten Gelehrten
2148 4689 3053 4725 Frankreichs, Deutschlands, Oesterreichs, Englands, Ita¬
2148 4726 3053 4762 liens, Belgiens, der Niederlande, der Vereinigten Staaten
2148 4763 3054 4799 und Rußlands wissenschaftliche Arbeiten eingesandt
2149 4800 3053 4837 haben für ein Werk, das im nächsten Jahr erscheinen
2149 4838 3052 4873 wird unter dem Titel Mélanges Jules Nicole. Das
2148 4874 3052 4910 war die schönste Ehrung, die der so bescheidene und
2150 4911 3050 4948 selbstlose Gelehrte, der unser Professor des Griechischen
2149 4949 2622 4977 ist, sich hat wünschen können.
2205 4989 3052 5022 Seine Freunde und Verehrer haben dem gestern Abend
2148 5023 3053 5059 ein schönes Andenken beigefügt: die verkleinerte Bronze-¬
2148 5060 3055 5096 Nachbildung des Hermes von Neapel. Seine Schüler
2149 5097 3055 5133 überreichten eine prächtig ausgestattete Adresse, in der
2148 5134 3055 5171 sie ihm den Dank abstatten für seinen Unterricht und
2148 5172 3057 5209 seine Arbeiten, die einen hellen Glanz auf unsere Universität
2147 5210 3057 5246 werfen. Eine von C. Roch gravierte Medaille bezeugt
2147 5247 3058 5284 dem Jubilar das dankbare Andenken seiner Kollegen;
2148 5285 3059 5322 der Kopf der Athene, die den Revers schmückt, symbolisiert
2149 5323 3058 5359 glücklich das ganz der Wissenschaft gewidmete Leben des
2150 5360 3059 5396 Gelehrten. Ungezählte Reden haben gestern die Verdienste
2151 5397 3056 5425 Nicoles gefeiert, im Namen des Staatsrats, der Uni¬
3092 913 3996 952 versität, der einzelnen Fakultäten, der Hochschulen von
3096 949 3993 990 Basel und Lausanne, der Akademie von Neuenburg:
3096 986 3996 1027 Verse wurden verlesen; Telegramme liefen ein von der
3098 1024 3995 1064 Ecole de Rome, den Hellenisten in Halle, den wissen¬
3099 1060 3996 1101 schaftlichen Berühmtheiten aller Länder, wie z. B. Wilcken
3097 1098 3994 1138 und Wilamowitz-Möllendorff für Deutschland. Man
3096 1136 3997 1175 hat den selbstlosen Gelehrten gefeiert, der sein enges
3094 1172 3999 1213 Vaterland der hohen Stellung vorgezogen hat, die
3096 1211 3997 1251 seiner in Paris harrte; man hat ihn verglichen
3090 1250 3997 1288 mit dem Landmann Menanders, der viel erntet, weil
3095 1286 3997 1326 er viel gesät hat; man hat seine Herzensgüte ge¬
3095 1325 3991 1363 rühmt, seine feine und doch nie verletzende Ironie,
3097 1361 3997 1401 man hat seinen attischen Geist gepriesen und die An¬
3091 1400 3997 1438 mut seines Wortes und hat als Vorbild hinge¬
3097 1437 3995 1474 stellt die schöne Einheit dieses Lebens, das einzig und
3093 1475 3908 1503 allein dem Suchen nach Wahrheit gewidmet war.
3151 1518 3994 1550 Auf alle diese schmeichelhaften Reden antwortete
3092 1551 3991 1587 Jules Nicole mit einer nur zu kurzen Ansprache,
3094 1588 3989 1624 voll Bescheidenheit, ganz durchdrungen von innerer Be¬
3094 1625 3996 1662 wegung und geschmückt mit dem Geist feinen Maß¬
3093 1663 3996 1700 haltens und zarter Poesie die aus diesem geehrtesten
3095 1701 3996 1738 Philologen den attischsten, liebenswürdigsten und ver¬
3092 1739 3746 1766 ehrtesten der Genfer Humanisten macht.
3541 1781 3956 1803 Gaspard Balette.
3359 1854 3731 1893 Lokales.
3150 1915 3995 1948 — Eidgenössisches Sängerfest 1905
3094 1949 3993 1985 in Zürich. (Mitg.) Das Organisationskomitee
3094 1986 3991 2023 hat den Entwurf für das Festprogramm behandelt.
3094 2024 3992 2060 Der offizielle Festbeginn fällt auf Freitag, den 14. Juli,
3094 2061 3996 2097 mit dem Eintreffen der eidgenössischen Sängerfahne
3093 2098 3994 2134 und der Ankunft der Volksgesangvereine. Samstag,
3094 2135 3997 2171 den 15. Juli: Wettgesänge der Volksgesangvereine
3094 2172 3996 2209 deutscher Zunge; Sonntag, den 16. Juli: Offizieller
3095 2210 3995 2246 Tag; Eintreffen der Kunstgesangvereine, Begrüßungs¬
3097 2247 3994 2284 konzert durch den Festchor: Hauptaufführung der Ab¬
3096 2285 3984 2321 teilung Volksgesang; Preisverteilung für die Volks
3096 2322 3996 2359 gesangvereine deutscher Zunge. Montag, den 17. Juli:
3096 2360 3996 2396 Wettgesänge der Kunstgesangvereine und der Vereine
3096 2397 3996 2434 französischer Zunge; Vorträge der Gastvereine.
3094 2435 3996 2471 Dienstag, den 18. Juli: Hauptaufführung der Ab¬
3096 2472 3996 2508 teilung Kunstgesang und der Vereine französischer
3096 2509 3996 2537 Zunge; Preisverteilung; offizieller Schluß des Festes.
3159 2550 3996 2582 Von den zuständigen Behörden ist bereits ange¬
3096 2583 3997 2620 ordnet worden, daß die Schulferien mit der zweiten
3093 2621 3997 2657 Juliwoche beginnen; militärische Uebungen, finden
3094 2658 3996 2694 während der Zeit des Festes in Zürich nicht statt.
3093 2695 3996 2731 Pläne für die Festhütte, die aus das Areal der alten
3092 2732 3994 2768 Tonhalle zu stehen kommt, lagen dem Organisations¬
3091 2769 3993 2806 komitee vor; es ist beschlossen worden, eine einschiffige
3090 2807 3995 2843 Halle mit ca. 50 Meter Bogenspannweite zu erstellen.
3092 2844 3993 2879 Für Erstellung eines künstlerischen Festplakates und
3094 2880 3996 2916 der Festkarte ist ein  Konkurrenzausschreiben
3093 2917 3996 2954 erlassen worden. Zu dieser Konkurrenz sind zugelassen
3096 2955 4002 2990 alle schweizerischen Künstler, alle in der Schweiz
3096 2991 4003 3027 domizilierten Künstler und alle in der Schweiz eta¬
3099 3028 3480 3056 blierten Kunstanstalten.
3380 3107 3740 3137 Neue Bücher.
3199 3157 3884 3181 (Eingegangen vom 21. bis 26. November)
3094 3199 3997 3232 (Die einzelnen Werke bleiben der Besprechung vorbehalten.)
3095 3233 3993 3271 Aus der guten alten Zeit. Lustige Bilder und
3132 3272 3790 3298 Blätter Braun & Schneider, München.
3093 3307 4002 3342 Baur, Dr. med. A. Die Kunst, gesund zu
3131 3343 3735 3368 bleiben. Paul Mähler, Stuttgart.
3092 3381 3996 3411 Brandes, Georg. Die Literatur. Schauspiel¬
3129 3412 3998 3444 kunst von A. Kerr. 9. Bd. — Fünf Schön¬
3130 3445 3999 3478 heiten von F. Blei. — Charles Baudelaire
3130 3479 4000 3511 von A. Holitscher. — Die Kunst der Erzählung
3130 3512 3997 3544 von J. Wassermann. 8. Bd. — Bard-Marquart
3131 3545 3333 3571 Cie., Berlin.
3092 3582 3994 3615 de Nora, A. Stürmisches Blut. Gedichte. L.
3133 3616 3470 3641 Staackman, Leipzig.
3096 3654 4000 3678 Evangelische Lebensbilder aus dem Elsaß
3135 3688 3998 3720 2. Reihe. Evangelische Gesellschaft, Straßburg i. E.
3097 3721 4001 3758 Hengeler, A. Album. Braun & Schneider, München.
3099 3759 3994 3786 von Hofe, Ernst. Die Wesendorfer. Schauspiel.
3136 3797 3830 3820 J. B. Cottasche Buchhandlung, Stuttgart.
3098 3834 4003 3858 Huch, Ricanda. Seifenblasen. Drei Erzählungen.
3137 3868 3715 3891 Deutsche Verlagsanstalt, Stuttgart.
3098 3903 4005 3935 Hunziker, G. Soll ich eine Schreibmaschine
3138 3936 3897 3969 kaufen? Art. Institut Orell Füßli, Zürich.
3099 3970 3998 4007 Klein, Rudolf. Menzel. Gose & Tetzlaf, Berlin.
3099 4008 3998 4043 Krause, Emil. Weingartner. Gose & Tetzlaff,
3138 4044 3249 4068 Berlin.
3099 4081 4000 4114 Kühl, Thusnelda. Um Ellwurt. Roman. Deutsche
3138 4115 3563 4139 Verlagsanstalt, Stuttgart.
3099 4152 4005 4183 Meierhof-Hildeck, Leonie. Das Ewig-Leben¬
3138 4184 4001 4217 dige. Roman. J. G. Cottasche Buchhandlung, Stutt¬
3140 4218 3212 4244 gart.
3101 4256 4003 4280 Münchner Fliegende Blätter. Kalender 1905.
3139 4291 3634 4313 Braun & Schneider, München.
3101 4327 4003 4358 Münchner Volksschriften. 1. Heft: Landstreicher.
3139 4359 4004 4391 Die Elmbauernleut. 2 Erzählungen von A. Schott.
3139 4392 3659 4417 Volksschriften-Verlag, München.
3101 4430 4005 4462 Palmer, Otto. Familie Mucker. Zeitgedicht mit
3138 4463 3791 4497 Zeichnugen. Paul Mähler, Stuttgart.
3101 4498 4004 4525 Preisendanz, K. Hellenische Sänger. Gedichte.
3139 4534 3982 4566 Kal Winters Universitätsbuchhandlung, Heidelberg.
3102 4567 4002 4603 von Scholz, Wilhelm. Gedanken zum Drama.
3141 4604 3554 4630 Georg Müller, München.
3103 4639 4003 4672 Serav, Math. Schlaraffenland. Roman. Deutsche
3141 4673 3563 4699 Verlagsanstalt, Stuttgart.
3103 4710 4003 4735 Spitteler, Karl. Olympischer Frühling. 4. Bd.
3140 4744 3867 4767 Ende und Wende. Eugen Diederichs, Jena.
3102 4780 4007 4812 Römer, Willy. Der deutsche Segelsport. F. A.
3140 4813 3446 4838 Brockhaus, Leipzig.
3101 4852 4010 4882 Weber, Dr. jur et phil. A. Ueber Bodenrente
3139 4883 4008 4916 und Bodenspekulation in der modernen Stadt.
3139 4917 3615 4942 Duncker & Humblot, Leipzig.
3102 4955 4010 4979 Wer will lachen? Bilderbuch für Jung und Alt.
3140 4990 3643 5013 Braun & Schneider, München.
3104 5026 4011 5057 Werner, R. M. Hebbel. Sein Leben und
3142 5058 4011 5091 Wirken. Geisterhelden. Bd. 47 — 48. Ernst Hofmann
3142 5092 3505 5117 & Cie., Berlin W 35.
3105 5131 4013 5161 Wuttke, Prof. Dr. jur. et phil. R. Die deutschen
3143 5162 4013 5196 Städte. 1. u. 2. Bd. Friedrich Brandstetter, Leipzig.
3104 5197 4013 5231 Ziegler, Dr. H. Die wahre Ursache der hellen
3144 5232 4013 5265 Lichtstrahlung des Radiums. Art. Institut
3145 5266 3483 5291 Orell Füßli, Zürich.
3105 5299 4013 5324 Zùccoli, Luciano. Italienscihes Reiterleben.
3147 5334 3888 5356 Roman. Deutsche Verlagsanstalt, Stuttgart.
3107 5365 4013 5397 Zur Erinnerung an Herrn Adolf Burckhardt-¬
3145 5398 3846 5423 Bischoff. Helbing & Lichtenhahn, Basel.
