4110 5551
142 173 238 234 M
282 165 492 228 Lsrs.
522 165 1005 240 Morgenblatt.

1498 155 1580 223 Der
1618 152 1784 222 Zürcher
1822 150 1992 222 Mm-
2030 149 2382 221 M.IatzWn-.

2718 142 3028 215 Montag,
3058 139 3178 202 äS.
3208 143 3570 201 November
3608 144 3808 204 I9I&;

153 257 1020 651 Neue
1121 230 2436 720 Zürcher
2505 226 3820 716 Zeituug

904 709 1241 753 1 3 6 12
270 726 729 770 Abonnementspreise:
873 741 1281 779 Monat Monate Monate Monate
162 773 270 806 Zürich
286 781 555 810 bnd.«dmrnistr°Uon
569 784 705 811 od.«»l°g»
718 782 833 808 aiaeh-lt
847 782 889 811 Fr.
903 784 950 805 L-
993 781 1043 803 5«,
1086 781 1147 802 10.-

227 834 233 839 .
283 808 348 835 durch
364 808 400 832 die
415 810 545 839 «uStrüger
569 810 612 834 tu»
632 810 704 838 Hau»
724 810 832 837 gebracht
861 825 872 836 .
901 809 951 831 L5I
993 807 1044 829 6£0
1086 806 1149 828 1280
1190 805 1254 827 25.—

165 836 301 863 '»(OWetJ
319 839 448 872 Otjttnuna
459 842 517 864 tJim
527 842 670 868 VoHBuieau
698 854 873 867 .
903 841 953 862 260
994 838 1044 861 6.80
1086 836 1149 859 12.80
1191 836 1220 857 25
1228 845 1255 852 —

287 869 329 886 m«
340 866 419 895 Bezug
428 870 495 891 unter
504 868 673 896 Pribatadrelle
681 867 835 895 (Stretsbaad,
867 883 876 892 .
905 867 921 888 8
927 877 953 882 -
995 865 1048 887 8.60
1088 862 1152 885 16.60
1192 861 1256 884 82—

167 892 312 917 Ausland
323 903 332 918 t
347 898 497 924 Leutlchland
521 903 526 921 I
721 912 803 924 ......
847 898 896 920 Mk.
909 897 958 919 270
999 895 1049 917 7.80

349 925 483 953 Oefteneta
649 939 802 954 .
846 924 886 946 «t.
908 924 957 945 4.60
986 922 1048 944 1240
1088 920 1153 942 24050
1194 918 1259 940 48.70

351 951 449 980 «rgarn
522 939 529 975 1
551 939 572 963 ®
575 946 584 963 e
585 940 647 972 P'““
649 945 663 962 n
665 945 680 969 *
721 966 878 978 .
907 950 956 971 860
998 948 1048 969 9.60
1091 946 1153 968 18.20
1195 945 1259 966 8880

553 934 676 970 Bestellung
591 961 651 991 beim
573 992 668 1021 Postamt
353 967 447 1003 3ra“tn
565 992 586 1003 .
721 993 752 1003 ...
772 995 802 1004 ...
852 977 893 1003 Fr.
907 977 954 998 8-
998 974 1048 995 816
1093 972 1153 995 1686
1195 970 1259 992 80.86

352 1005 452 1031 Holland
565 993 668 1020 Postamt
852 992 877 1027 ft
907 1002 955 1024 i.sr,
998 1001 1048 1022 680
1091 998 1153 1021 10.05
1195 996 1259 1018 20.06

353 1032 466 1058 viub.and
524 1021 531 1060 |
722 1048 803 1058 .
847 1030 904 1053 «bl.
911 1030 959 1051 180
999 1027 1050 1048 886
1103 1024 1155 1046 6.60
1197 1022 1260 1044 1820

200 1059 341 1088 Frankreich.
352 1063 468 1090 Sngland.
476 1065 583 1088 Am.rtka
593 1065 632 1088 etr.
646 1064 802 1090 IStreisband)
853 1061 895 1089 Fr.
908 1060 956 1083 8-
986 1058 1049 1081 14.-
1088 1056 1155 1079 27.60
1195 1053 1259 1076 64.-

1974 738 2042 788 und
1375 797 2040 963 WeiMW
2079 795 2644 956 ÜM

1709 994 1919 1057 Täglich
1953 993 1992 1040 3
2024 991 2307 1054 Ausgaben

3063 727 3492 766 JnsertiouSpreise:

2922 793 2940 795 ._
2980 770 3114 799 einspaltige
3128 770 3282 797 rtoloneljetle
3297 769 3350 791 oder
3363 768 3429 791 deren
3444 767 3521 790 Raum
3535 766 3564 789 2S
3578 764 3631 793 «P.,

2959 796 2997 824 für
3012 797 3123 825 «nzeigtn
3144 796 3321 822 ausländischen
3341 795 3480 821 Ursprungs
3497 794 3525 815 40
3539 793 3591 820 «P.,

3096 827 3215 851 Reklamen
3230 828 3271 855 Fr.
3285 827 3339 849 1.60
3353 829 3393 853 per
3405 824 3478 853 geile.

2785 877 2939 908 Redaktion
2952 878 3106 916 (Telephon
3119 880 3187 913 650)
3205 880 3261 908 und
3273 879 3417 908 Druckerei
3430 876 3584 913 (Telephon
3600 874 3698 911 5732):

3140 913 3329 948 Falkenstraße
3349 917 3391 944 11.

2787 952 3016 989 Administration
3028 953 3184 989 (Telephon
3198 954 3282 986 2060)
3292 953 3349 982 und
3360 953 3528 988 Expedition
3542 950 3695 987 (Telephon
3710 948 3835 984 10168)»

3142 988 3332 1022 Goethestrabe
3353 991 3395 1017 10.

2787 1026 3113 1063 Aunonren.Abteilung
3130 1027 3285 1063 (Telephon
3298 1029 3399 1062 2534):
3415 1025 3615 1062 Theaterstr.5/
3627 1024 3777 1059 Goethestr.
3789 1026 3837 1054 10.

344 1166 723 1220 Einfuhrgenossenschaft
742 1169 795 1217 für
814 1164 865 1207 die

213 1229 462 1286 Schweizerische
479 1233 811 1283 Stickerei-Industrie
839 1229 991 1281 (E.S.S.)

229 1303 242 1318 *
271 1305 336 1338 Am
362 1306 412 1339 10.
436 1308 620 1340 November
669 1306 724 1338 hat
750 1305 803 1342 sich
828 1304 861 1336 in
886 1303 976 1335 Bern
1000 1300 1053 1332 die

160 1346 366 1383 Societé
396 1351 566 1390 Suisse
625 1352 674 1384 de
703 1347 1054 1383 Surveillance

163 1391 482 1433 Economique
508 1395 719 1435 konstituiert,
744 1395 810 1427 und
834 1402 886 1427 am
917 1393 962 1425 18.
988 1392 1054 1424 No¬

163 1438 294 1472 vember
321 1441 376 1478 hat
404 1441 453 1479 sie,
504 1441 563 1475 wie
590 1442 626 1475 in
654 1442 708 1475 der
735 1440 843 1478 Presse
869 1435 1054 1476 mitgeteilt,

180 1483 260 1519 ihren
289 1486 580 1526 Geschäftsbetrieb
612 1487 762 1526 eröffnet.
816 1485 879 1519 Am
910 1484 958 1517 18.
988 1482 1055 1516 No¬

166 1529 296 1563 vember
314 1531 369 1569 hat
388 1532 439 1570 sich
456 1533 551 1566 deren
570 1530 829 1570 Untersyndikat,
846 1528 895 1562 die
915 1531 951 1561 E.
964 1530 998 1560 S.
1012 1529 1056 1563 S.,

169 1573 202 1605 in
233 1575 292 1607 St.
323 1577 443 1610 Gallen
475 1577 687 1615 konstituiert,
744 1577 809 1609 und
840 1580 875 1609 es
908 1574 973 1612 sind
1005 1573 1056 1609 ihr

162 1619 289 1652 bereits
314 1621 356 1654 76
380 1622 518 1662 Firmen
544 1623 601 1655 der
623 1619 966 1660 Stickerei-Industrie
992 1617 1056 1650 bei¬

169 1666 324 1700 getreten.
354 1667 424 1701 Der
453 1669 747 1707 Verwaltungsrat
776 1665 908 1704 erachtet
937 1668 972 1697 es
1004 1664 1056 1695 als

172 1711 366 1751 notwendig,
428 1714 487 1746 den
519 1713 764 1753 Interessenten
794 1712 941 1750 folgende
973 1708 1057 1743 Mit¬

172 1756 337 1795 teilungen
363 1767 403 1797 zu
427 1760 567 1798 machen:

233 1809 577 1850 Anmeldeformulare
639 1822 680 1851 zu
713 1811 847 1844 weitern
879 1808 1058 1843 Beitritten

169 1853 295 1887 können
324 1859 406 1890 etwa
434 1863 510 1891 vom
535 1858 588 1891 23.
617 1857 800 1891 November
828 1864 870 1888 an
926 1853 977 1887 bei
1004 1854 1058 1885 der

167 1899 304 1934 E.S.S.
335 1902 370 1935 in
400 1903 462 1936 St.
474 1903 594 1937 Gallen
626 1903 764 1942 bezogen
794 1900 931 1933 werden.
996 1898 1058 1931 Als

167 1943 301 1983 Adresse
363 1947 419 1986 für
450 1948 500 1982 die
531 1948 645 1986 Briefe
707 1946 828 1985 genügt
860 1946 991 1977 E.S.S.
1023 1942 1058 1976 in

166 1989 227 2024 St.
256 1990 443 2030 Gallen,
473 1994 527 2033 für
554 1992 796 2032 Telegramme:
839 1989 1059 2028 Einfuhr¬

170 2036 544 2077 genossenschaft
575 2040 634 2072 St.
647 2038 777 2072 Gallen.
838 2036 889 2076 In
923 2034 1059 2072 näherer

169 2078 406 2122 Präzisierung
448 2084 505 2116 der
535 2084 737 2121 Mitteilung
778 2083 834 2115 der
864 2083 992 2114 S.S.S.
1024 2079 1059 2111 in

168 2124 226 2158 der
248 2126 369 2166 Presse,
394 2129 455 2166 daß
479 2136 553 2165 vom
579 2128 771 2168 Augenblick
793 2128 846 2161 der
871 2126 1059 2165 Eröffnung

168 2168 262 2207 ihres
296 2173 624 2212 Geschäftsbetriebes
658 2184 701 2207 an
733 2173 785 2206 die
819 2171 962 2210 Einfuhr
996 2173 1060 2202 aus

171 2216 240 2249 und
286 2217 366 2251 über
389 2219 443 2252 die
464 2220 594 2253 Länder
617 2221 674 2253 der
698 2219 838 2252 Entente
884 2216 960 2254 nach
1004 2216 1061 2248 der

170 2260 315 2301 Schweiz
337 2263 512 2302 jedenfalls
536 2274 601 2298 nur
625 2264 698 2302 noch
719 2264 810 2301 durch
833 2261 880 2296 die
905 2260 1061 2296 Vermitt¬

173 2304 255 2345 lung
277 2307 332 2340 der
354 2311 481 2343 S.S.S.
503 2311 597 2348 bezw.
619 2310 707 2348 ihrer
729 2307 1004 2347 Untersyndikate,
1027 2306 1060 2339 in

172 2351 303 2388 unserm
325 2353 399 2392 Fall
419 2355 474 2387 der
494 2357 638 2392 E.S.S.,
659 2354 791 2393 möglich
811 2352 877 2392 sein
897 2353 989 2389 wird,
1011 2360 1060 2389 ge¬

173 2395 290 2433 statten
319 2399 380 2433 wir
411 2404 487 2438 uns,
543 2409 602 2439 zur
630 2398 871 2437 Orientierung
900 2398 973 2436 noch
1002 2397 1061 2434 fol¬

175 2443 273 2480 gende
296 2444 506 2486 Wegleitung
527 2454 566 2485 zu
589 2446 699 2485 geben.
720 2443 889 2484 Bezüglich
908 2444 963 2476 des
987 2442 1062 2476 Bei¬

174 2486 286 2520 trittes
313 2495 376 2524 von
403 2490 871 2529 Stickerei-Lohnfabrikanten
922 2488 1062 2524 möchten

175 2531 237 2565 wir
270 2534 388 2572 solchen
442 2541 507 2569 von
539 2536 738 2573 mindestens
788 2533 860 2568 drei
912 2532 1063 2572 Schiffli¬

178 2578 351 2616 maschinen
383 2580 559 2621 beliebiger
589 2582 701 2621 Länge
760 2581 854 2619 bezw.
884 2585 948 2612 von
979 2579 1063 2612 min¬

172 2622 299 2660 destens
322 2626 400 2664 zehn
424 2626 699 2665 Handmaschinen
723 2625 880 2664 dringend
904 2625 963 2657 den
986 2623 1063 2658 Bei¬

171 2666 249 2700 tritt
276 2677 334 2707 zur
364 2672 496 2704 E.S.S.
524 2672 718 2710 empfehlen.
772 2670 842 2709 Für
869 2667 1062 2708 Lohnfabri¬

165 2710 290 2754 kanten
346 2714 409 2749 mit
436 2716 578 2756 weniger
635 2718 690 2750 als
717 2717 958 2754 vorgenannter
987 2714 1063 2748 Ma¬

173 2753 370 2792 schinenzahl
396 2760 433 2794 ist
457 2760 667 2797 beabsichtigt,
694 2761 732 2796 sie
755 2761 816 2796 auf
840 2760 898 2792 den
924 2759 1063 2794 Verkehr

173 2797 236 2829 mit
261 2798 320 2830 den
345 2799 570 2838 Zwirnereien
596 2804 662 2835 und
690 2803 995 2839 Garnhandlungen
1022 2810 1061 2839 zu

171 2842 359 2881 verweisen,
383 2844 426 2877 da
452 2846 526 2883 auch
553 2847 672 2884 letztere
698 2846 866 2883 ihrerseits
892 2847 948 2878 der
973 2845 1061 2879 Kon¬

176 2886 272 2919 trolle
305 2889 360 2921 der
392 2891 524 2923 E.S.S.
556 2891 646 2923 dann
711 2891 889 2927 unterstellt
923 2889 1060 2924 werden,

175 2932 273 2965 unter
295 2933 564 2973 beförderlichster
590 2934 789 2973 Mitteilung
816 2936 870 2968 der
895 2934 1060 2968 Kontroll¬

177 2976 413 3014 instruktionen
443 2986 507 3012 von
536 2980 636 3017 Seiten
666 2981 721 3014 der
749 2982 879 3013 E.S.S.
937 2979 1060 3017 Ferner

174 3022 303 3060 machen
326 3023 388 3057 wir
413 3025 637 3062 aufmerksam,
662 3025 723 3062 daß
746 3027 820 3064 nach
843 3025 902 3058 den
926 3023 1059 3061 Bestim¬

176 3074 322 3105 mungen
345 3068 401 3101 der
420 3069 584 3103 Statuten
627 3071 683 3103 des
703 3068 1060 3107 Haupteinfuhrtrusts,

176 3112 244 3149 also
265 3112 321 3145 der
343 3114 481 3150 S.S.S.,
502 3114 551 3147 die
572 3114 765 3153 Mitglieder
787 3115 945 3151 derselben
968 3115 1061 3152 bezw.

174 3155 267 3193 ihrer
285 3158 564 3196 Untersyndikate,
580 3159 648 3196 also
668 3161 722 3193 der
741 3160 881 3194 E.S.S.,
899 3158 947 3191 die
967 3160 1062 3196 statu¬

175 3201 330 3239 tarischen
347 3203 635 3242 Verpflichtungen
654 3204 838 3244 hinsichtlich
853 3203 907 3236 der
924 3204 1064 3237 Wieder¬

177 3248 324 3285 ausfuhr
352 3254 416 3282 von
446 3249 606 3287 Artikeln,
661 3249 770 3285 welche
798 3252 860 3281 aus
890 3250 956 3281 und
988 3248 1064 3281 über

177 3291 308 3325 Länder
331 3295 387 3326 der
410 3294 549 3328 Entente
573 3293 762 3333 eingeführt
782 3294 928 3330 wurden,
949 3302 992 3326 an
1017 3292 1066 3325 die

181 3337 449 3376 Bestimmungen
503 3341 558 3373 der
584 3340 750 3374 Statuten
778 3339 831 3372 der
858 3340 988 3373 E.S.S.
1017 3347 1065 3376 ge¬

179 3382 312 3415 bunden
333 3383 409 3421 sind,
429 3384 511 3423 nicht
529 3384 605 3423 bloß
626 3385 680 3424 für
701 3385 830 3421 Waren,
849 3384 956 3421 welche
977 3384 1069 3421 durch

180 3426 234 3459 die
250 3428 379 3462 E.S.S.
396 3429 491 3468 bezw.
509 3432 635 3464 S.S.S.
652 3431 707 3468 für
724 3429 894 3468 Rechnung
912 3430 967 3462 der
984 3428 1067 3463 Mit¬

182 3471 306 3510 glieder
331 3477 392 3507 aus
440 3475 507 3508 und
533 3475 612 3508 über
635 3475 765 3510 Länder
789 3476 843 3509 der
870 3475 1008 3508 Entente
1033 3474 1066 3507 in

183 3516 234 3549 die
259 3517 400 3558 Schweiz
428 3519 616 3558 importiert
641 3521 780 3558 werden,
832 3520 966 3559 sondern
994 3519 1069 3557 auch

186 3561 240 3599 für
267 3563 325 3595 alle
353 3564 485 3602 Waren,
512 3565 621 3603 welche
648 3572 713 3601 aus
741 3567 807 3599 und
836 3565 915 3599 über
940 3565 1067 3599 Länder

186 3605 295 3643 früher
320 3608 421 3642 direkt
446 3611 521 3644 oder
546 3611 641 3651 durch
665 3610 821 3650 beliebige
846 3611 963 3644 andere
989 3610 1068 3645 Ver¬

184 3651 473 3693 mittlungsstellen
525 3657 713 3694 importiert
738 3657 872 3690 wurden
921 3656 988 3689 und
1016 3664 1068 3689 am

184 3696 232 3731 18.
256 3698 439 3734 November
466 3701 557 3738 1915,
582 3702 654 3741 d.h.
680 3702 726 3735 im
750 3702 903 3735 Moment
926 3702 980 3735 der
1005 3702 1068 3735 Ge¬

180 3740 625 3788 schäftsbetriebs-Eröffung
653 3748 712 3781 der
739 3749 864 3781 S.S.S.
892 3747 965 3783 noch
996 3754 1069 3779 vor¬

183 3787 272 3827 rätig
301 3789 336 3823 in
364 3791 503 3830 Händen
532 3793 587 3826 der
617 3792 812 3833 Mitglieder
868 3794 922 3825 der
952 3793 1068 3826 Unter¬

182 3833 352 3872 syndikate,
373 3838 440 3873 also
460 3838 516 3871 der
536 3840 680 3876 E.S.S.,
703 3838 755 3876 sich
776 3836 934 3876 befunden
956 3838 1069 3876 haben.

244 3878 324 3914 Was
342 3881 394 3921 die
411 3881 863 3922 Zwirnereifirmen
880 3883 1020 3922 betrifft,
1037 3883 1069 3921 so

180 3923 238 3961 hat
270 3926 324 3959 der
355 3928 649 3968 Verwaltungsrat
708 3929 769 3968 auf
800 3929 918 3963 Grund
980 3928 1069 3962 einer

180 3966 451 4010 Interpretation
498 3975 555 4008 des
581 3975 636 4012 für
660 3974 1069 4013 Ausfuhrbewilligungen

1095 1146 1159 1177 aus
1187 1142 1339 1181 England
1389 1139 1596 1180 zuständigen
1646 1137 1822 1177 englischen
1848 1135 1983 1173 Kriegs¬

1097 1187 1337 1226 ministeriums
1366 1186 1398 1219 in
1424 1185 1556 1219 London
1585 1183 1775 1221 beschlossen,
1800 1181 1853 1215 die
1878 1180 1984 1221 Zwir¬

1098 1232 1341 1271 nereigeschäfte
1398 1232 1451 1264 als
1481 1228 1803 1267 Selbstverbraucher
1864 1235 1902 1266 zu
1936 1228 1983 1258 be¬

1099 1278 1248 1316 trachten,
1274 1277 1307 1310 in
1332 1276 1457 1315 welcher
1483 1274 1681 1314 Eigenschaft
1707 1274 1805 1312 ihnen
1830 1273 1885 1306 der
1910 1270 1984 1305 Bei¬

1099 1325 1175 1357 tritt
1199 1332 1258 1361 zur
1283 1323 1416 1355 E.S.S.
1440 1321 1602 1358 nunmehr
1627 1319 1781 1358 definitiv
1806 1317 1986 1356 offensteht.

1102 1369 1225 1408 Ferner
1259 1368 1382 1400 können
1414 1366 1632 1406 Fabrikanten
1696 1370 1759 1398 von
1794 1363 1986 1403 gewobenen

1100 1411 1404 1452 Plattstichartikeln
1460 1412 1513 1444 der
1543 1412 1675 1444 E.S.S.
1705 1409 1865 1448 ebenfalls
1921 1407 1984 1441 bei¬

1101 1460 1216 1492 treten.

1333 1525 1747 1592 Kantone.

1468 1605 1616 1641 Zürich.

1155 1654 1319 1685 Altstetten,
1358 1652 1402 1680 21.
1442 1650 1513 1680 Nov.
1563 1652 1594 1679 F.
1643 1649 1708 1678 Der
1747 1647 1990 1678 Kantonale

1098 1691 1375 1729 Handwerks-
1399 1691 1479 1720 und
1502 1688 1859 1719 Gewerbeverein
1882 1686 1933 1721 hat
1959 1687 1990 1715 in

1100 1734 1195 1769 seiner
1213 1731 1625 1767 Delegiertenversammlung
1642 1735 1709 1758 vom
1729 1729 1774 1756 21.
1794 1728 1836 1756 ds.
1857 1727 1899 1756 im
1921 1726 1990 1757 „Lö¬

1098 1774 1181 1803 wen"
1205 1773 1239 1801 in
1260 1771 1412 1806 Altstetten
1435 1772 1522 1800 unter
1546 1771 1610 1799 dem
1632 1769 1739 1804 Vorsitz
1760 1773 1817 1796 von
1838 1768 1990 1797 Kantons¬

1100 1812 1148 1843 rat
1178 1812 1408 1846 Geilinger
1438 1809 1648 1846 (Winterthur)
1681 1807 1901 1844 Jahresbericht
1931 1806 1992 1835 und

1100 1852 1259 1887 Rechnung
1276 1851 1325 1887 für
1343 1852 1413 1878 1914
1430 1850 1605 1886 genehmigt,
1621 1847 1827 1881 Küsnacht
1846 1849 1893 1875 als
1911 1846 1991 1880 näch¬

1099 1895 1158 1929 sten
1177 1892 1473 1927 Versammlungsort
1491 1890 1636 1924 bestimmt
1653 1889 1716 1917 und
1732 1888 1787 1924 auf
1805 1888 1922 1921 Antrag
1939 1886 1990 1915 des

1099 1930 1532 1967 Gewerbeverbandssekretärs
1554 1930 1638 1959 Gut
1661 1928 1789 1964 (Zürich)
1814 1926 1992 1961 einstimmig

1101 1972 1234 2010 folgende
1259 1971 1514 2007 Resolution
1539 1968 1717 2003 beschlossen:

1156 2012 1215 2042 Die
1256 2009 1666 2046 Delegiertenversammlung
1708 2009 1759 2037 des
1802 2006 1991 2036 Kantonalen

1100 2052 1295 2089 Handwerks-
1317 2051 1376 2080 und
1396 2049 1656 2080 Gewerbevereins
1676 2054 1745 2077 vom
1763 2047 1808 2075 21.
1830 2045 1992 2075 November

1102 2094 1211 2122 nimmt
1235 2093 1289 2121 mit
1309 2091 1465 2120 Bedauern
1487 2089 1640 2118 Kenntnis
1663 2094 1719 2116 von
1742 2089 1806 2116 dem
1829 2085 1991 2119 überhand¬

1102 2133 1283 2167 nehmenden
1328 2129 1679 2166 Monopolbestrebungen
1723 2128 1773 2156 der
1816 2125 1992 2155 kantonalen

1103 2169 1553 2207 Elektrizitätswerke
1582 2169 1613 2197 in
1644 2167 1736 2203 bezug
1765 2166 1819 2200 auf
1850 2166 1903 2194 das
1933 2165 1992 2199 In¬

1101 2211 1373 2249 stallationswesen.
1412 2210 1468 2239 Sie
1497 2209 1668 2244 beauftragt
1697 2208 1751 2235 den
1778 2205 1933 2239 Vorstand,
1959 2204 1992 2232 in

1102 2252 1280 2287 neuerlicher
1304 2251 1433 2286 Eingabe
1458 2257 1496 2277 an
1520 2250 1573 2278 den
1598 2247 1863 2281 Verwaltungsrat
1885 2252 1921 2280 zu
1947 2252 1992 2279 ge¬

1104 2295 1212 2328 langen
1236 2292 1291 2321 mit
1311 2292 1376 2320 dem
1399 2289 1535 2324 Gesuche:
1562 2289 1606 2317 Es
1631 2287 1735 2322 möchte
1757 2286 1812 2314 den
1836 2284 1992 2320 Monopol¬

1101 2333 1313 2367 bestrebungen
1336 2330 1368 2359 in
1390 2331 1480 2365 bezug
1503 2329 1557 2364 auf
1577 2327 1623 2361 die
1645 2325 1992 2361 Installationen

1104 2372 1227 2406 Einhalt
1251 2371 1372 2407 geboten
1394 2369 1456 2399 und
1478 2368 1523 2397 die
1549 2367 1622 2402 freie
1646 2366 1838 2401 Konkurrenz
1864 2365 1913 2393 der
1939 2371 1992 2391 an¬

1101 2413 1263 2442 erkannten
1310 2410 1443 2444 privaten
1491 2406 1817 2443 Installationsfirmen
1864 2403 1993 2439 gewahrt

1104 2453 1228 2483 werden.
1264 2452 1376 2486 Ferner
1400 2448 1503 2483 möchte
1528 2448 1574 2477 die
1598 2446 1753 2476 Direktion
1778 2445 1829 2474 der
1853 2445 1993 2473 kantona¬

1104 2495 1151 2522 len
1180 2489 1468 2527 Elektrizitätswerke
1495 2487 1676 2523 angewiesen
1713 2485 1838 2516 werden,
1873 2482 1924 2519 für
1948 2483 1993 2511 die

1103 2532 1330 2567 Ueberweisung
1348 2536 1403 2558 von
1424 2526 1798 2564 Installationsaufträgen
1818 2532 1860 2552 an
1880 2522 1993 2559 private

1105 2570 1430 2608 Installationsfirmen
1461 2567 1597 2597 keinerlei
1627 2566 1819 2599 Provisionen
1850 2562 1929 2596 mehr
1957 2570 1993 2597 zu

1105 2612 1224 2649 fordern
1243 2610 1302 2640 und
1321 2610 1365 2639 die
1384 2609 1435 2644 seit
1453 2605 1706 2643 Kriegsausbruch
1725 2604 1908 2638 auferlegten
1926 2602 1993 2631 oder

1104 2654 1265 2688 bezogenen
1287 2649 1478 2685 Provisionen
1500 2646 1784 2683 zurückzuerstatten.
1815 2641 1941 2676 Endlich,
1961 2644 1994 2670 es

1106 2692 1210 2725 möchte
1236 2691 1283 2720 die
1307 2690 1468 2724 Lieferung
1492 2692 1550 2717 von
1576 2686 1718 2715 Motoren
1745 2685 1836 2713 unter
1861 2681 1994 2718 gewissen

1105 2732 1264 2769 sichernden
1288 2729 1482 2763 Vorschriften
1507 2727 1688 2762 freigegeben
1713 2724 1838 2754 werden.

1159 2771 1222 2799 Der
1252 2769 1425 2803 Resolution
1454 2768 1553 2795 wurde
1581 2765 1646 2798 noch
1675 2765 1741 2792 eine
1770 2762 1868 2796 Ziffer
1894 2762 1911 2788 4
1941 2768 1992 2788 an¬

1102 2809 1228 2845 gehängt
1249 2810 1300 2837 des
1319 2807 1455 2841 Inhalts,
1475 2806 1531 2839 daß
1553 2804 1688 2837 mangels
1710 2799 1991 2831 Stromverbrauchs

1101 2854 1201 2882 wegen
1226 2846 1392 2881 Hindernis
1415 2843 1497 2877 durch
1522 2841 1738 2874 Militärdienst
1762 2840 1807 2867 die
1831 2837 1991 2866 Minimal¬

1101 2886 1239 2922 garantie
1262 2885 1350 2920 fallen
1372 2882 1495 2918 gelassen
1516 2882 1618 2910 werde.
1648 2878 1783 2913 Zugleich
1803 2878 1923 2905 wurden
1946 2875 1990 2903 die

1100 2926 1253 2955 Vertreter
1272 2925 1324 2953 des
1344 2921 1601 2954 Gewerbestandes
1621 2919 1662 2947 im
1683 2917 1872 2947 Kantonsrat
1889 2915 1988 2948 einge¬

1102 2966 1197 2996 laden,
1232 2964 1276 2992 die
1311 2962 1401 2995 Sache
1436 2959 1518 2994 durch
1554 2955 1909 2994 Interpellation
1946 2953 1986 2981 im

1101 3003 1373 3035 Kantonsrat
1397 3008 1450 3037 zur
1473 2998 1671 3032 Behandlung
1695 3004 1732 3032 zu
1756 2994 1891 3030 bringen.

1109 3052 1135 3060 —
1154 3044 1213 3073 Die
1226 3041 1381 3072 Direktion
1396 3042 1444 3070 des
1459 3037 1770 3073 Gesundheitswesens
1786 3031 1987 3063 verdankt

1101 3084 1221 3119 hiermit
1245 3081 1301 3111 den
1323 3081 1482 3114 Betrag
1502 3083 1559 3107 von
1585 3077 1655 3104 1000
1679 3075 1740 3111 Fr.,
1762 3074 1811 3103 der
1837 3072 1881 3107 ihr
1903 3071 1986 3104 durch

1103 3123 1308 3157 Vermittlung
1328 3121 1379 3149 der
1399 3119 1593 3152 Verwaltung
1616 3117 1666 3145 der
1688 3112 1988 3147 Wäckerlingstiftung

1105 3164 1136 3191 in
1161 3162 1282 3191 Uetikon
1305 3168 1356 3188 am
1383 3160 1441 3189 See
1466 3163 1521 3186 von
1547 3157 1722 3192 ungenannt
1748 3153 1807 3190 sein
1834 3151 1988 3181 wollender

1107 3202 1191 3232 Seite
1208 3201 1367 3237 zugunsten
1385 3200 1437 3229 des
1455 3194 1748 3232 Gottesgabenfonds
1763 3192 1857 3228 dieser
1876 3190 1989 3225 Anstalt

1105 3240 1309 3279 zugekommen
1326 3240 1369 3270 ist.

1502 3279 1596 3317 Zug.

1163 3324 1266 3356 Cham,
1289 3323 1334 3351 21.
1358 3322 1429 3351 Nov.
1470 3321 1563 3350 Unter
1607 3316 1889 3354 außerordentlicher
1913 3315 1989 3350 zahl¬

1109 3363 1212 3398 reicher
1235 3361 1424 3397 Beteiligung
1447 3360 1496 3389 der
1519 3357 1769 3394 protestantischen
1792 3355 1990 3389 Bevölkerung

1108 3405 1158 3432 der
1180 3402 1318 3431 Kantons
1341 3401 1404 3436 Zug
1446 3400 1516 3435 fand
1539 3400 1624 3434 heute
1646 3397 1691 3426 die
1715 3394 1990 3429 Einweihung

1107 3444 1158 3472 der
1184 3448 1282 3471 neuen
1324 3437 1637 3474 evangelischen
1680 3434 1816 3469 Kirche
1841 3435 1874 3463 in
1898 3433 1990 3466 Cham

1109 3482 1185 3517 statt.
1209 3481 1273 3510 Der
1298 3485 1354 3510 von
1378 3477 1514 3513 Architekt
1539 3476 1661 3512 Schäfer
1685 3476 1718 3505 in
1743 3474 1844 3510 Zürich
1869 3476 1990 3503 entwor¬

1109 3522 1176 3558 fene
1201 3521 1261 3550 und
1287 3524 1343 3549 von
1366 3517 1550 3553 Baumeister
1573 3516 1689 3552 Hauser
1713 3515 1756 3544 im
1779 3512 1990 3549 Heimatschutz¬

2023 1130 2089 1160 Stil
2111 1130 2303 1166 ausgeführte
2325 1129 2393 1159 Bau
2435 1128 2526 1157 bildet
2549 1126 2614 1155 eine
2636 1124 2741 1160 Zierde
2764 1124 2814 1153 der
2836 1124 2909 1152 Ort¬

2024 1170 2109 1205 schaft
2133 1172 2193 1198 und
2218 1170 2317 1197 wurde
2359 1173 2416 1196 von
2441 1168 2507 1196 dem
2533 1165 2727 1200 Präsidenten
2752 1164 2802 1192 der
2827 1162 2911 1191 Bau¬

2028 1208 2216 1243 kommission,
2242 1208 2364 1242 Haville,
2391 1209 2455 1234 dem
2483 1205 2678 1240 Präsidenten
2704 1203 2753 1231 der
2780 1202 2913 1237 Kirchen¬

2027 1248 2184 1284 gemeinde,
2209 1246 2456 1282 Wolfensberger,
2482 1245 2654 1279 übergeben.
2697 1242 2756 1271 Die
2801 1241 2913 1275 Weihe¬

2027 1288 2091 1317 rede
2130 1287 2200 1321 hielt
2238 1286 2279 1314 im
2317 1286 2434 1314 Namen
2454 1285 2506 1313 des
2527 1280 2912 1317 protestantisch-kirchlichen

2024 1326 2227 1361 Hilfsvereins
2251 1325 2362 1360 Zürich,
2404 1325 2455 1352 der
2498 1323 2553 1351 das
2594 1322 2746 1354 Patronat
2770 1321 2842 1349 über
2866 1320 2912 1349 die

2024 1365 2123 1400 Kirche
2140 1365 2351 1393 übernommen
2368 1363 2428 1397 hat,
2444 1362 2548 1392 Dekan
2565 1361 2667 1395 Ganz;
2687 1360 2731 1388 die
2749 1360 2820 1394 erste
2838 1358 2912 1392 Pre¬

2028 1405 2088 1439 digt
2111 1404 2153 1432 im
2177 1411 2272 1432 neuen
2296 1403 2362 1432 Bau
2405 1403 2507 1430 wurde
2531 1406 2588 1429 von
2611 1400 2739 1435 Pfarrer
2764 1397 2914 1433 Zollinger

2028 1444 2116 1479 (Zug)
2139 1443 2282 1478 gehalten,
2304 1442 2362 1471 und
2383 1441 2512 1476 Pfarrer
2534 1438 2721 1474 Doggweiler
2743 1437 2837 1473 sprach
2860 1438 2913 1465 das

2027 1483 2218 1517 Weihegebet.
2242 1481 2332 1510 Beide
2356 1480 2516 1516 offiziellen
2541 1479 2660 1507 Redner
2685 1478 2832 1510 betonten,
2856 1477 2913 1511 daß

2028 1524 2082 1551 das
2100 1529 2174 1550 neue
2191 1520 2375 1554 Gotteshaus
2393 1518 2555 1555 friedlicher
2573 1517 2676 1547 Arbeit
2696 1518 2754 1545 und
2774 1517 2823 1545 der
2841 1515 2913 1544 Ein¬

2028 1561 2116 1596 tracht
2135 1560 2188 1589 mit
2207 1560 2261 1588 den
2280 1559 2462 1594 katholischen
2483 1557 2673 1592 Eidgenossen
2710 1555 2832 1590 geweiht
2851 1554 2913 1590 sein

2028 1600 2087 1636 soll.
2112 1600 2168 1634 Im
2194 1599 2414 1635 nachfolgenden
2440 1598 2566 1627 Bankett
2612 1596 2653 1624 im
2698 1594 2821 1630 Gasthof
2845 1602 2913 1629 zum

2030 1639 2150 1670 „Neuen
2172 1639 2265 1674 Dorf"
2309 1638 2417 1672 brachte
2441 1645 2470 1665 u.
2495 1645 2522 1665 a.
2563 1636 2613 1664 der
2636 1634 2799 1669 katholische
2822 1633 2914 1662 Orts¬

2029 1678 2145 1715 pfarrer
2173 1677 2285 1707 Müller
2313 1678 2357 1707 die
2384 1675 2598 1710 Glückwünsche
2628 1674 2723 1710 seiner
2751 1672 2914 1702 Gemeinde

2029 1719 2088 1747 und
2114 1718 2258 1752 toastierte
2283 1717 2337 1752 auf
2360 1716 2408 1745 ein
2436 1714 2597 1752 friedliches
2642 1712 2913 1748 Zusammengehen

2029 1757 2125 1787 beider
2144 1756 2359 1791 Konfessionen.

2366 1796 2571 1833 Freiburg.

2084 1840 2238 1873 Freiburg,
2260 1840 2304 1867 20.
2326 1839 2397 1868 Nov.
2438 1837 2580 1873 Nachdem
2602 1836 2651 1865 der
2674 1836 2811 1870 Große
2835 1835 2913 1863 Rat

2028 1881 2083 1909 das
2104 1878 2421 1914 Organisationsgesetz
2462 1878 2512 1906 der
2552 1875 2716 1911 staatlichen
2740 1874 2913 1908 Wasser¬

2029 1918 2166 1954 kräfte
2188 1918 2221 1947 in
2244 1917 2347 1947 dritter
2367 1917 2484 1952 Lesung
2505 1915 2681 1952 genehmigt,
2702 1914 2753 1948 hat
2776 1922 2806 1943 er
2829 1913 2915 1947 heute

2030 1958 2095 1992 nach
2117 1957 2303 1993 zweitägiger
2322 1956 2448 1986 Debatte
2470 1954 2526 1984 mit
2547 1955 2626 1983 allen
2647 1961 2736 1989 gegen
2759 1954 2794 1981 13
2815 1952 2913 1981 Stim¬

2030 2005 2097 2027 men
2122 1998 2170 2025 der
2195 1996 2354 2025 Radikalen
2380 1995 2537 2024 Eintreten
2563 1994 2617 2029 auf
2641 1993 2687 2022 die
2711 1992 2838 2027 Vorlage
2864 1992 2914 2020 des

2029 2036 2224 2067 Staatsrates
2274 2036 2344 2065 über
2394 2034 2439 2063 die
2489 2033 2624 2069 partielle
2674 2031 2812 2067 Revision
2863 2031 2914 2059 des

2029 2075 2368 2110 Steuergesetzes
2389 2072 2564 2108 beschlossen.
2584 2072 2645 2101 Die
2666 2071 2794 2106 Vorlage
2815 2070 2916 2104 bringt

2030 2115 2095 2145 eine
2119 2115 2209 2143 kleine
2232 2114 2389 2148 Erhöhung
2432 2119 2488 2141 von
2512 2113 2556 2143 2,5
2580 2112 2634 2147 auf
2657 2111 2674 2139 3
2698 2110 2841 2144 Promille
2865 2110 2915 2138 der

2030 2154 2254 2188 Kapitalsteuer,
2273 2153 2430 2187 Erhöhung
2450 2153 2502 2180 des
2521 2150 2709 2186 Salzpreises
2730 2155 2786 2178 von
2808 2149 2841 2176 15
2862 2152 2918 2184 auf

2030 2194 2065 2222 20
2085 2193 2207 2228 Rappen
2246 2193 2305 2221 und
2343 2192 2391 2220 als
2430 2190 2558 2225 Neuheit
2578 2189 2623 2219 die
2644 2189 2845 2223 Besteuerung
2866 2188 2915 2216 der

2030 2232 2350 2268 Aktiengesellschaften.

2357 2273 2590 2309 Solothurn.

2084 2316 2185 2348 Olten,
2207 2315 2251 2343 21.
2273 2315 2345 2343 Nov.
2366 2314 2430 2343 Der
2452 2311 2730 2347 Voranschlag
2752 2312 2801 2340 der
2825 2309 2915 2338 Ein¬

2029 2353 2406 2389 wohnergemeinde
2448 2353 2499 2381 der
2541 2351 2633 2380 Stadt
2656 2349 2748 2379 Olten
2772 2350 2822 2385 für
2845 2350 2916 2377 1918

2030 2394 2099 2430 sieht
2122 2394 2167 2423 bei
2190 2393 2309 2424 604,757
2331 2392 2380 2428 Fr.
2405 2391 2597 2423 Einnahmen
2641 2390 2701 2419 und
2723 2390 2843 2421 667,933
2865 2388 2916 2423 Fr.

2031 2434 2190 2468 Ausgaben
2213 2432 2261 2461 ein
2282 2431 2395 2467 Defizit
2419 2436 2476 2459 von
2499 2430 2599 2460 63,176
2620 2429 2671 2464 Fr.
2694 2434 2753 2457 vor.
2775 2429 2838 2457 Der
2862 2428 2915 2456 Er¬

2032 2475 2096 2508 trag
2113 2473 2162 2501 der
2177 2472 2321 2503 Steuern,
2338 2472 2386 2500 der
2402 2470 2451 2505 sich
2470 2470 2511 2498 im
2528 2468 2624 2503 Jahre
2643 2468 2712 2496 1914
2728 2468 2783 2503 auf
2799 2467 2917 2499 422,000

2030 2512 2164 2548 Franken
2185 2510 2282 2546 belief,
2301 2510 2335 2545 ist
2353 2509 2409 2539 mit
2427 2509 2548 2541 380,000
2567 2507 2618 2542 Fr.
2639 2507 2824 2542 eingeschätzt.

2294 2553 2497 2589 Appenzell
2526 2551 2656 2587 J.-Rh.

2087 2599 2251 2632 Appenzell,
2271 2599 2316 2626 21.
2339 2598 2411 2627 Nov.
2450 2598 2473 2631 j.
2495 2595 2542 2632 In
2564 2595 2719 2630 Appenzell
2741 2595 2846 2623 bildete
2869 2593 2917 2629 sich

2031 2639 2079 2673 ein
2100 2637 2405 2674 Hilfskomitee
2425 2636 2483 2665 mit
2503 2636 2552 2664 der
2572 2634 2716 2670 Aufgabe,
2736 2641 2777 2662 im
2797 2632 2917 2662 Kanton

2030 2678 2216 2713 wohnhaften
2255 2676 2526 2711 mittellosen
2563 2673 2835 2708 Jünglingen
2872 2672 2918 2701 die

2033 2718 2202 2752 Erlernung
2230 2716 2315 2745 eines
2343 2714 2540 2750 Handwerkes
2567 2721 2603 2748 zu
2632 2711 2820 2747 ermöglichen
2857 2711 2918 2740 und

2031 2756 2176 2791 hierdurch
2208 2755 2272 2783 dem
2304 2752 2597 2789 Handwerkerstande
2648 2752 2698 2787 für
2728 2751 2917 2786 genügenden

2029 2795 2198 2828 Nachwuchs
2215 2801 2252 2827 zu
2270 2793 2380 2828 sorgen.
2397 2792 2456 2820 Die
2474 2791 2688 2824 erwachsenden
2705 2790 2808 2823 Kosten
2828 2788 2916 2824 sollen

2028 2836 2087 2861 aus
2108 2833 2162 2860 den
2182 2831 2292 2866 Zinsen
2314 2831 2398 2859 eines
2419 2831 2484 2858 dem
2506 2828 2710 2864 Hilfskomitee
2731 2836 2786 2862 zur
2806 2827 2915 2862 Verfü¬

2027 2878 2106 2905 gung
2130 2870 2276 2904 gestellten
2300 2869 2424 2903 Legates
2451 2874 2507 2896 von
2533 2867 2634 2898 20,000
2658 2866 2715 2901 Fr.,
2744 2866 2829 2901 sowie
2854 2870 2913 2894 aus

2027 2908 2213 2944 freiwilligen
2234 2907 2395 2942 Beiträgen
2417 2906 2521 2941 gedeckt
2543 2905 2666 2934 werden.

2350 2953 2410 2984 St.
2433 2954 2587 2982 Gallen.

2079 2994 2278 3027 Wallenstadt,
2294 2995 2340 3022 21.
2356 2993 2429 3022 Nov.
2447 2992 2633 3028 (Privattel.)
2650 2992 2710 3021 Die
2727 2991 2844 3027 Bürger
2861 2991 2912 3020 der

2025 3033 2254 3068 Ortsgemeinde
2273 3032 2462 3066 Wallenstadt
2482 3031 2646 3066 beschlossen
2666 3030 2749 3064 heute
2769 3031 2821 3059 den
2842 3030 2911 3059 Bau

2026 3074 2075 3102 der
2097 3072 2313 3107 Alpstraße
2333 3071 2458 3107 Lüsis
2480 3071 2521 3100 im
2544 3070 2833 3105 Kostenvoranschlag
2855 3074 2911 3098 von

2026 3112 2127 3144 54,000
2145 3111 2196 3146 Fr.

2400 3151 2542 3188 Tessin.

2092 3196 2296 3236 Bellinzona,
2320 3196 2369 3228 20.
2397 3197 2480 3229 Nov.
2528 3195 2695 3234 Samstag
2722 3192 2915 3233 nachmittag

2029 3242 2163 3275 wurden
2185 3242 2244 3280 auf
2265 3243 2318 3275 der
2336 3239 2588 3278 Staatskanzlei
2608 3239 2690 3271 7200
2709 3238 2917 3277 Unterschrif¬

2031 3288 2085 3319 ten
2115 3286 2309 3325 abgegeben,
2338 3284 2389 3318 die
2417 3285 2474 3323 für
2505 3284 2556 3317 die
2603 3282 2919 3321 Verhältnis¬

2031 3328 2426 3368 wahlinitiative
2471 3329 2526 3368 für
2549 3328 2599 3361 die
2622 3326 2920 3367 Regierungsrats¬

2031 3375 2119 3412 wahl
2144 3375 2333 3414 gesammelt
2360 3374 2491 3407 worden
2518 3378 2637 3406 waren.
2685 3371 2751 3406 Die
2776 3377 2840 3405 von
2866 3372 2921 3404 der

2031 3419 2229 3458 Verfassung
2246 3417 2518 3459 vorgeschriebene
2534 3417 2620 3456 Zahl
2637 3417 2763 3456 beträgt
2782 3416 2872 3455 7000,
2891 3416 2922 3454 so

2033 3464 2095 3502 daß
2120 3463 2170 3497 die
2191 3462 2376 3504 Initiative
2399 3472 2473 3502 zum
2496 3461 2571 3501 Ziel
2595 3461 2725 3501 geführt
2748 3461 2813 3499 hat.
2858 3459 2923 3494 Die

2033 3508 2262 3547 Abstimmung
2281 3508 2363 3541 kann
2382 3513 2441 3541 vor
2457 3508 2529 3541 dem
2550 3506 2648 3546 März
2669 3505 2748 3539 1916
2767 3505 2923 3546 erfolgen.

1503 3617 1679 3693 Der
1727 3613 2205 3702 europäische
2255 3612 2529 3705 Krieg.

1173 3748 1303 3788 Berlin,
1324 3749 1376 3782 21.
1399 3749 1482 3783 Nov.
1517 3747 1646 3786 (Wolff.
1680 3744 1842 3782 Amtlich.)
1866 3743 1994 3780 Großes

1110 3794 1385 3834 Hauptquartier,
1425 3794 1474 3826 21.
1506 3791 1698 3827 November.
1751 3788 1995 3828 Westlicher

1112 3839 1554 3879 Kriegsschauplatz:
1585 3838 1638 3871 An
1665 3836 1721 3869 der
1752 3834 1846 3872 Bahn
1876 3833 1996 3872 Apern-

1111 3883 1317 3924 Zonnebeeke
1336 3885 1453 3923 gelang
1472 3882 1543 3916 eine
1563 3881 1696 3921 größere
1716 3880 1920 3917 Sprengung
1938 3886 1995 3910 un¬

1113 3931 1197 3968 serer
1229 3930 1388 3966 Truppen
1433 3928 1467 3961 in
1509 3927 1565 3959 der
1610 3924 1796 3964 feindlichen
1830 3923 1997 3960 Stellung.

1112 3973 1328 4013 Französische
1355 3972 1605 4010 Sprengungen
1633 3969 1792 4009 südöstlich
1819 3974 1883 4003 von
1907 3967 1995 4000 Sou¬

2034 3741 2098 3781 chez
2127 3743 2195 3776 und
2225 3740 2279 3775 bei
2309 3742 2470 3775 Conibres
2512 3740 2624 3778 hatten
2655 3739 2765 3773 keinen
2799 3738 2925 3777 Erfolg.

2035 3787 2095 3821 Bei
2121 3786 2265 3826 Souchez
2292 3787 2402 3820 kamen
2427 3785 2491 3818 wir
2518 3785 2575 3817 den
2601 3783 2783 3823 Franzosen
2810 3782 2844 3816 in
2872 3783 2925 3815 der

2037 3831 2206 3871 Besetzung
2237 3832 2295 3864 des
2327 3829 2615 3869 Sprengtrichters
2647 3837 2745 3868 zuvor
2778 3828 2842 3861 und
2876 3828 2924 3860 be¬

2036 3877 2212 3914 haupteten
2231 3874 2289 3913 ihn
2308 3885 2406 3916 gegen
2425 3875 2520 3909 einen
2539 3872 2829 3913 Angriffsversuch.
2858 3872 2926 3911 Auf

2033 3921 2095 3954 den
2124 3921 2264 3961 übrigen
2291 3920 2436 3960 Fronten
2464 3929 2509 3953 an
2536 3917 2766 3957 verschiedenen
2793 3916 2925 3950 Stellen

2036 3966 2177 4005 lebhafte
2201 3964 2552 4005 Feuerkämpfe.
2597 3963 2718 4001 Unsere
2743 3962 2927 4001 Flugzeuge

2956 1128 3081 1166 warfen
3125 1128 3186 1166 auf
3227 1126 3278 1160 die
3311 1126 3552 1164 Bahnanlagen
3596 1130 3660 1158 von
3695 1124 3842 1162 Pope¬

2958 1171 3125 1210 ringhe
3146 1174 3211 1205 und
3231 1172 3413 1210 Furnes
3432 1170 3505 1203 eine
3523 1168 3656 1208 größere
3674 1168 3759 1206 Zahl
3778 1174 3844 1200 von

2958 1217 3104 1251 Bomben
3126 1216 3177 1249 ab.
3210 1217 3257 1249 Es
3277 1216 3408 1248 wurden
3431 1214 3563 1252 Treffer
3586 1213 3770 1251 beobachtet.

2998 1266 3068 1298 Der
3088 1264 3238 1303 englische
3258 1263 3572 1301 Oberbefehlshaber
3590 1262 3662 1301 sagt
3681 1261 3718 1294 in
3739 1261 3845 1294 einem

2959 1309 3084 1347 Bericht
3109 1315 3184 1342 vom
3212 1309 3260 1342 15.
3287 1308 3429 1341 Oktober
3456 1307 3534 1340 über
3559 1306 3680 1344 unsern
3706 1305 3846 1344 Angriff

2961 1352 3147 1392 südwestlich
3167 1353 3230 1386 von
3251 1352 3365 1386 Loos
3388 1361 3441 1386 am
3462 1352 3491 1385 8.
3513 1351 3663 1389 Oktober,
3683 1350 3747 1387 daß
3771 1349 3845 1388 nach

2959 1397 3189 1437 zuverlässigen
3214 1396 3429 1436 Schätzungen
3455 1396 3536 1427 8000
3558 1395 3612 1428 bis
3636 1394 3717 1426 9000
3741 1394 3844 1432 gefal¬

2959 1443 3028 1476 lene
3043 1442 3194 1480 Deutsche
3210 1447 3268 1475 vor
3285 1443 3344 1474 den
3362 1439 3730 1481 englisch-französischen
3748 1438 3842 1471 Stel¬

2961 1486 3083 1525 lungen
3111 1487 3243 1525 gelegen
3271 1485 3392 1523 hätten.
3429 1484 3525 1523 Diese
3554 1484 3774 1522 Behauptung
3805 1482 3845 1521 ist

2961 1530 3038 1570 freie
3059 1530 3256 1569 Erfindung.
3286 1531 3406 1568 Unsere
3425 1528 3695 1567 Gesamtverluste
3714 1536 3758 1560 an
3778 1527 3841 1560 Ge¬

2962 1575 3111 1614 fallenen,
3145 1573 3335 1611 Vermißten
3368 1573 3434 1606 und
3468 1574 3527 1605 den
3559 1571 3652 1609 ihren
3684 1571 3841 1605 Verwun¬

2957 1619 3088 1658 dungen
3108 1619 3288 1658 Erlegenen
3308 1619 3424 1657 betrug
3444 1617 3505 1648 762
3523 1617 3645 1650 Mann.

3020 1675 3264 1716 Oestlicher
3290 1673 3740 1714 Kriegsschauplatz:
3778 1671 3845 1706 Die

2957 1721 3044 1759 Lage
3072 1721 3108 1759 ist
3132 1720 3178 1754 im
3205 1719 3416 1759 allgemeinen
3442 1718 3671 1751 unverändert.

3019 1776 3646 1816 Balkankriegsschauplatz:
3693 1774 3846 1813 Deutsche

2958 1823 3114 1862 Truppen
3135 1823 3192 1856 der
3212 1823 3327 1856 Armee
3346 1822 3403 1855 des
3424 1820 3588 1854 Generals
3607 1826 3670 1852 von
3691 1818 3843 1856 Köveß

2959 1868 3060 1907 haben
3081 1867 3348 1905 Novibazar
3369 1866 3534 1904 besetzt.
3564 1864 3629 1899 Die
3650 1865 3766 1897 Armee
3786 1863 3842 1896 des

2959 1912 3123 1947 Generals
3153 1917 3216 1945 von
3246 1911 3390 1949 Gallwitz
3420 1910 3486 1942 und
3515 1910 3570 1942 der
3598 1908 3696 1947 rechte
3724 1907 3845 1946 Flügel

2960 1956 3015 1990 des
3039 1956 3204 1989 Generals
3227 1954 3395 1993 Bojadjew
3418 1953 3566 1991 kämpfen
3591 1962 3646 1986 um
3668 1952 3730 1985 den
3756 1952 3843 1984 Aus¬

2959 2000 3033 2034 tritt
3063 2002 3100 2035 in
3131 2000 3191 2034 das
3219 2000 3390 2034 Labtal
3421 1998 3561 2035 nördlich
3591 2003 3654 2030 von
3686 1996 3843 2034 Pristina.

2959 2045 3024 2079 Die
3049 2044 3134 2083 Zahl
3158 2045 3214 2077 der
3240 2052 3293 2077 am
3322 2042 3370 2076 19.
3397 2042 3578 2075 November
3605 2042 3765 2079 gefangen
3793 2049 3843 2078 ge¬

2961 2098 3153 2123 nommenen
3168 2089 3300 2122 Serben
3316 2087 3429 2125 erhöht
3446 2086 3499 2125 sich
3515 2086 3574 2124 auf
3589 2085 3681 2118 3800.
3709 2084 3844 2120 Gestern

2959 2132 3093 2166 wurden
3116 2132 3196 2166 über
3219 2131 3301 2164 4400
3323 2132 3433 2165 Mann
3460 2131 3618 2169 gefangen
3644 2137 3845 2167 genommen.

3388 2175 3521 2213 Oberste
3545 2173 3805 2213 Heeresleitung.

3006 2242 3424 2294 Deutsch-französischer
3455 2243 3796 2293 Kriegsschauplatz.

3022 2317 3137 2357 Paris,
3166 2318 3216 2351 21.
3246 2318 3328 2351 Nov.
3381 2316 3570 2355 (Amtliches
3600 2312 3843 2351 Communiqué

2961 2371 3034 2397 vom
3055 2363 3106 2397 21.
3127 2361 3334 2400 November.)
3366 2361 3451 2395 Dem
3474 2361 3579 2399 letzten
3599 2358 3843 2396 Communiqué

2963 2407 3001 2447 ist
3020 2408 3120 2447 nichts
3142 2406 3344 2446 beizufügen.

3088 2462 3346 2511 Italienischer
3377 2459 3717 2509 Kriegsschauplatz.

3016 2532 3112 2565 Wien,
3153 2531 3199 2558 21.
3222 2531 3295 2559 Nov.
3339 2529 3472 2564 (Wiener
3496 2527 3740 2561 Korr.-Bureau.)
3784 2526 3844 2556 Die

2959 2570 3058 2602 „Neue
3090 2570 3177 2606 Freie
3210 2568 3323 2604 Presse"
3359 2567 3570 2603 veröffentlicht
3601 2566 3667 2596 eine
3698 2565 3840 2601 Zuschrift

2964 2611 3034 2640 Don
3057 2609 3197 2646 Alfonsos
3219 2614 3275 2638 von
3297 2607 3560 2643 Oesterreich-Este,
3582 2605 3677 2634 worin
3700 2613 3731 2635 er
3754 2604 3848 2639 seiner

2958 2649 3141 2684 Entrüstung
3186 2648 3259 2677 über
3285 2647 3330 2676 die
3358 2646 3440 2681 durch
3467 2646 3512 2675 die
3538 2645 3691 2681 Italiener
3719 2644 3841 2680 erfolgte

2964 2689 3143 2725 Zerstörung
3181 2693 3239 2716 von
3259 2685 3489 2721 Castagnavizza
3509 2684 3555 2714 bei
3576 2684 3685 2720 Görz
3723 2683 3779 2712 mit
3800 2684 3850 2712 der

2958 2728 3053 2764 Gruft
3067 2728 3117 2757 der
3131 2727 3230 2762 letzten
3246 2726 3450 2762 französischen
3465 2725 3578 2760 Könige
3593 2727 3652 2753 aus
3666 2724 3729 2753 dem
3745 2722 3842 2753 Bour¬

2963 2766 3147 2801 bonenhause
3168 2765 3311 2796 Ausdruck
3329 2764 3400 2800 gibt.

3170 2813 3645 2863 Balkankriegsschauplatz.

3023 2877 3137 2916 Paris,
3157 2878 3207 2911 21.
3226 2879 3308 2911 Nov.
3340 2878 3496 2916 (Havas.)
3527 2874 3848 2914 Montenegri¬

2959 2922 3127 2961 nisches
3170 2921 3411 2959 Communiqué
3453 2927 3526 2954 vom
3564 2920 3615 2954 21.
3646 2920 3844 2954 November:

2961 2966 3032 3000 Wir
3060 2972 3170 2999 waren
3195 2975 3249 2999 am
3277 2966 3323 2999 19.
3349 2966 3533 2999 November
3560 2965 3619 3002 auf
3643 2965 3699 2998 der
3724 2973 3848 3003 ganzen

2957 3009 3426 3050 serbisch-montenegrinischen
3444 3010 3549 3049 Front
3565 3008 3761 3049 energischen
3780 3009 3847 3041 An¬

2958 3054 3081 3093 griffen
3107 3063 3206 3093 gegen
3229 3055 3291 3087 den
3313 3053 3464 3093 Limfluß
3487 3054 3669 3093 ausgesetzt,
3696 3054 3761 3086 und
3785 3062 3847 3086 un¬

2958 3098 3022 3138 sere
3052 3099 3343 3138 Sandschakarmee
3374 3099 3429 3137 hat
3462 3098 3514 3136 sich
3546 3099 3605 3137 auf
3634 3097 3705 3136 ihre
3736 3098 3846 3136 zweite

2960 3143 3355 3183 Verteidigungsstellung
3380 3143 3637 3183 zurückgezogen.

3192 3233 3606 3303 Ausland.

3140 3321 3439 3360 Kriegführende
3472 3320 3650 3353 Staaten.

3296 3378 3519 3416 Deutschland.

3022 3440 3088 3469 Aus
3111 3439 3175 3468 dem
3197 3438 3297 3471 Elsaß.
3337 3437 3615 3473 Mülhausen,
3637 3437 3680 3465 19.
3703 3435 3775 3466 Nov.
3815 3439 3851 3466 *

2966 3479 3035 3509 Das
3057 3487 3132 3509 neue
3155 3478 3269 3514 Budget
3290 3478 3342 3507 des
3366 3479 3574 3507 Armenamtes
3598 3477 3778 3512 Mülhausen
3801 3476 3853 3512 für

2967 3519 3022 3547 das
3054 3519 3190 3555 laufende
3221 3516 3462 3554 Rechnungsjahr
3492 3518 3561 3545 1915
3590 3516 3666 3551 weist
3697 3516 3770 3545 über
3798 3517 3848 3549 1½

2966 3558 3203 3588 Millionen
3251 3558 3366 3587 Mark
3393 3557 3447 3593 für
3473 3558 3519 3586 die
3547 3556 3850 3591 Armenpflege

2964 3598 3030 3633 auf,
3059 3598 3204 3630 1,265,910
3233 3597 3320 3627 Mark
3347 3597 3514 3633 gegenüber
3541 3596 3661 3627 845,000
3690 3595 3777 3624 Mark
3806 3596 3849 3624 im

2966 3638 3118 3674 Vorjahre.
3164 3637 3238 3667 Eine
3263 3645 3338 3674 ganz
3362 3637 3515 3673 gewaltige
3541 3637 3681 3668 Summe,
3705 3635 3753 3667 die
3776 3635 3849 3665 aber

2965 3678 3027 3712 doch
3046 3686 3104 3707 nur
3123 3678 3173 3707 der
3189 3677 3311 3713 größten
3330 3677 3388 3706 Not
3404 3677 3455 3706 der
3473 3676 3581 3706 Armen
3601 3676 3713 3709 steuert.
3751 3674 3849 3704 Allein

2968 3718 3017 3753 für
3038 3718 3085 3748 die
3107 3717 3398 3753 Suppenverteilung
3422 3716 3463 3745 im
3487 3715 3709 3751 Lothringerhof
3732 3714 3847 3744 werden

2965 3758 3066 3788 80,000
3090 3757 3178 3787 Mark
3199 3757 3360 3793 gebraucht,
3384 3757 3451 3791 statt
3473 3757 3572 3787 19,000
3595 3755 3683 3784 Mark
3707 3756 3749 3784 im
3772 3755 3849 3783 Vor¬

2968 3798 3059 3833 jahre,
3082 3797 3118 3826 da
3144 3797 3189 3827 die
3213 3795 3463 3833 Zeitverhältnisse
3488 3796 3571 3830 heute
3595 3795 3665 3829 auch
3687 3795 3761 3824 viele
3786 3795 3849 3824 dem

2966 3838 3167 3872 Mittelstande
3184 3836 3384 3873 angehörende
3403 3836 3519 3871 Bürger
3537 3843 3591 3872 zur
3609 3835 3781 3871 Benützung
3797 3835 3848 3864 der

2968 3878 3201 3913 Suppenanstalt
3222 3878 3363 3914 zwingen.
3404 3876 3467 3907 Der
3489 3876 3617 3911 Zuschuß
3638 3879 3697 3904 aus
3715 3874 3767 3905 der
3789 3875 3847 3904 Ge¬

2965 3918 3148 3955 meindekasse
3165 3918 3213 3952 für
3227 3919 3271 3947 die
3285 3918 3381 3952 offene
3395 3917 3601 3952 Armenpflege
3614 3916 3646 3950 ist
3662 3922 3716 3945 von
3731 3914 3849 3948 276,250

2967 3959 3054 3989 Mark
3075 3960 3116 3988 im
3135 3958 3280 3994 Vorjahre
3298 3958 3354 3994 auf
3372 3957 3491 3989 598,995
3511 3955 3597 3985 Mark
3615 3957 3764 3992 gestiegen.

443 4080 803 4149 Feuilleton.

174 4228 355 4263 Probleme
379 4231 439 4261 der
473 4230 718 4267 tierärztlichen
745 4230 1068 4266 Seuchenforschung

328 4288 499 4324 Zürcher
535 4289 917 4325 Rathausvortrag

212 4333 286 4356 von
322 4328 435 4364 Prof.
458 4329 525 4358 Dr.
550 4329 703 4358 Walter
728 4328 825 4364 Frei
862 4330 920 4364 (11.
944 4329 1028 4364 Nov.)

234 4392 284 4421 Hr.
328 4394 384 4428 Im
410 4396 501 4429 ersten
528 4395 790 4432 Rathausvortrag
816 4395 906 4430 dieses
933 4396 1067 4425 Winters

174 4433 345 4468 behandelte
378 4434 456 4470 Herr
489 4435 574 4470 Prof.
599 4436 645 4465 W.
669 4436 738 4471 Frei
768 4436 818 4465 ein
850 4435 971 4470 Thema,
1003 4435 1067 4467 das,

178 4473 319 4502 weiteren
337 4474 459 4509 Kreisen
476 4475 526 4504 der
542 4476 717 4505 Gebildeten
735 4476 863 4511 zunächst
882 4476 1072 4511 fernliegend,

177 4512 243 4549 doch
269 4514 351 4550 durch
379 4514 456 4550 seine
484 4515 662 4550 Bedeutung
689 4515 740 4551 für
765 4517 821 4545 das
847 4516 1071 4551 wirtschaftliche

179 4553 276 4583 Leben
304 4555 357 4590 auf
384 4555 574 4590 allgemeines
601 4554 748 4590 Interesse
776 4555 922 4590 Anspruch
947 4554 1071 4589 erheben

178 4593 257 4630 darf.
287 4594 427 4629 Nachdem
449 4596 499 4624 der
520 4594 723 4631 Vortragende
744 4595 901 4624 einleitend
924 4596 968 4624 die
991 4595 1071 4625 Seu¬

175 4634 241 4669 chen
260 4635 329 4664 oder
349 4635 521 4671 Epidemien
539 4635 589 4665 als
608 4634 804 4668 Krankheiten
823 4635 961 4671 definiert
980 4635 1069 4670 hatte,

177 4674 225 4703 die
252 4675 336 4708 durch
363 4675 657 4712 Mikroorganismen
682 4676 780 4711 erregt
807 4676 848 4704 im
877 4675 1071 4711 allgemeinen

176 4715 242 4744 eine
271 4716 393 4750 größere
420 4715 495 4751 Zahl
523 4722 578 4746 von
607 4715 792 4751 Individuen
820 4715 995 4751 gleichzeitig
1022 4715 1068 4744 be¬

175 4754 279 4789 fallen,
306 4757 367 4785 und
394 4756 444 4784 als
472 4756 516 4785 die
542 4756 714 4791 wichtigsten
744 4756 777 4784 in
803 4756 857 4784 das
885 4755 990 4785 Gebiet
1018 4755 1068 4784 der

177 4795 376 4831 Tiermedizin
403 4796 551 4831 fallenden
578 4796 710 4831 Seuchen
737 4795 920 4831 Milzbrand,
944 4795 1068 4829 Rausch¬

176 4834 282 4868 brand,
307 4836 489 4871 Rinderpest,
514 4836 742 4872 Lungenseuche,
766 4836 842 4871 Rotz,
864 4835 1069 4870 Tuberkulose,

177 4875 315 4907 Tollwut,
335 4875 612 4911 Schweinerotlauf,
632 4875 886 4911 Schweineseuche,
904 4874 1068 4909 Schweine¬

174 4916 242 4950 pest,
269 4916 374 4946 Maul-
403 4917 463 4945 und
490 4916 714 4952 Klauenseuche,
742 4915 992 4952 Geflügelcholera
1021 4923 1067 4950 ge¬

174 4957 273 4984 nannt
292 4956 372 4991 hatte
391 4957 461 4990 (von
481 4957 573 4986 denen
593 4957 640 4986 die
658 4957 715 4990 auf
732 4956 787 4985 den
808 4956 960 4991 Menschen
980 4955 1067 4985 über¬

177 4996 336 5031 tragbaren
370 4996 425 5027 wie
449 4996 633 5033 Milzbrand,
657 4996 795 5028 Tollwut,
820 4997 893 5031 Rotz,
918 4995 1067 5025 Tuberku¬

173 5034 233 5071 lose
247 5036 296 5065 ein
313 5045 389 5073 ganz
406 5037 578 5072 besonderes
594 5036 741 5073 Interesse
757 5036 935 5070 verdienen),
951 5036 1066 5065 wandte

173 5081 207 5103 er
247 5076 296 5111 sich
338 5078 391 5106 den
414 5077 570 5113 Aufgaben
613 5077 663 5106 der
685 5076 895 5113 tierärztlichen
921 5075 1065 5111 Seuchen¬

173 5114 326 5152 forschung
346 5125 395 5153 zu,
415 5117 462 5146 die
484 5117 516 5146 in
537 5117 588 5147 der
609 5116 800 5153 Auffindung
822 5117 881 5145 und
901 5117 965 5145 dem
988 5116 1066 5147 Stu¬

173 5154 256 5185 dium
278 5157 327 5186 der
347 5156 668 5193 Lebensbedingungen
691 5157 741 5186 der
762 5157 1011 5192 Seuchenerreger
1032 5156 1064 5184 in

172 5195 328 5229 weitestem
368 5197 515 5233 Umfange
565 5197 649 5232 sowie
691 5197 740 5226 der
771 5197 966 5232 Behandlung
1015 5196 1065 5225 der

172 5232 331 5270 Krankheit
351 5237 413 5266 und
434 5238 488 5266 den
510 5236 767 5273 prophylaktischen
790 5236 995 5271 Maßnahmen
1018 5236 1063 5264 be¬

172 5273 276 5309 stehen.
296 5291 333 5297 —
351 5278 446 5307 Wenn
468 5278 537 5313 auch
555 5277 600 5307 die
622 5278 749 5313 Erreger
769 5278 819 5306 der
839 5276 955 5311 meisten
976 5275 1063 5306 Tier¬

173 5313 287 5350 seuchen
312 5316 436 5346 bekannt
459 5318 530 5354 sind,
555 5318 583 5353 so
607 5317 715 5352 harren
740 5317 800 5351 doch
824 5317 895 5346 viele
920 5332 957 5337 —
978 5324 1003 5352 z.
1027 5315 1062 5344 B.

172 5353 216 5383 die
235 5354 284 5384 der
302 5356 483 5392 Rinderpest,
502 5358 551 5387 der
570 5357 674 5387 Maul-
694 5357 754 5386 und
772 5356 993 5392 Klauenseuche,
1013 5356 1062 5386 der

172 5392 389 5425 Schweinepest,
431 5397 480 5425 der
521 5396 705 5426 Brustseuche
747 5397 797 5425 des
837 5395 971 5428 Pferdes,
1013 5383 1079 5426 der

1117 4068 1333 4103 Hundestaupe,
1352 4067 1400 4095 der
1417 4065 1616 4100 Geflügelpest
1634 4073 1662 4093 u.
1681 4072 1709 4093 a.
1727 4078 1764 4085 —
1782 4062 1848 4097 noch
1864 4063 1914 4091 der
1932 4061 2002 4089 Ent¬

1119 4107 1244 4142 deckung.
1279 4107 1324 4136 So
1347 4106 1457 4142 wichtig
1478 4106 1525 4135 die
1548 4105 1700 4135 Kenntnis
1724 4105 1773 4134 der
1797 4104 1922 4138 Erreger
1944 4101 2003 4130 und

1118 4148 1180 4179 ihre
1202 4146 1399 4183 Züchtbarkeit
1420 4146 1473 4179 auf
1494 4145 1672 4180 künstlichem
1694 4144 1869 4178 Nährboden
1890 4142 1938 4178 für
1960 4141 2003 4171 die

1116 4188 1268 4217 Kenntnis
1305 4186 1383 4220 ihrer
1418 4186 1564 4222 gesamten
1591 4184 1908 4219 Lebensbedingungen
1944 4182 2002 4210 und

1116 4228 1211 4257 damit
1234 4227 1286 4263 für
1309 4227 1354 4256 die
1377 4225 1536 4258 Kenntnis,
1559 4225 1840 4261 Diagnostizierung
1865 4224 1924 4252 und
1947 4222 2002 4251 Be¬

1117 4267 1270 4303 handlung
1286 4267 1337 4296 der
1353 4266 1510 4300 Krankheit
1527 4266 1570 4301 ist,
1589 4267 1617 4302 so
1636 4266 1668 4299 ist
1686 4266 1748 4300 doch
1766 4265 1867 4296 damit,
1884 4263 1938 4297 daß
1956 4262 2002 4291 ein

1117 4308 1244 4342 Erreger
1266 4306 1331 4340 noch
1353 4307 1425 4341 nicht
1446 4307 1563 4336 entdeckt
1585 4306 1629 4341 ist,
1650 4305 1722 4340 nicht
1744 4305 1850 4341 gesagt,
1873 4303 1928 4338 daß
1949 4302 2002 4331 wir

1115 4354 1172 4377 von
1198 4347 1259 4381 ihm
1283 4347 1374 4381 nichts
1398 4346 1505 4381 wissen.
1537 4346 1621 4376 Viele
1646 4346 1696 4375 der
1719 4345 1803 4380 heute
1827 4344 1893 4378 noch
1915 4343 2001 4371 unbe¬

1117 4387 1245 4417 kannten
1268 4387 1370 4417 Keime
1395 4387 1454 4422 sind
1478 4394 1537 4415 nur
1561 4386 1592 4415 in
1617 4386 1708 4421 bezug
1732 4385 1785 4420 auf
1811 4384 1873 4418 ihre
1896 4383 2003 4416 Größe,

1116 4427 1206 4463 Form
1237 4428 1297 4457 und
1328 4427 1632 4462 Fortpflanzungsart
1662 4426 1838 4455 unbekannt,
1869 4422 2002 4457 während

1114 4468 1181 4497 eine
1206 4475 1297 4503 ganze
1321 4466 1411 4501 Reihe
1436 4466 1514 4501 ihrer
1540 4465 1758 4502 Eigenschaften
1783 4464 1844 4493 und
1868 4463 2000 4499 Funktio¬

1115 4515 1173 4537 nen
1194 4516 1292 4542 genau
1312 4507 1437 4536 bekannt
1458 4506 1500 4540 ist.
1530 4506 1600 4535 Das
1620 4505 1677 4541 gilt
1697 4514 1722 4541 z.
1743 4505 1780 4535 B.
1801 4511 1859 4533 von
1880 4505 1942 4534 dem
1963 4511 2001 4531 an

1116 4548 1165 4583 sich
1202 4548 1269 4583 noch
1307 4547 1509 4576 unbekannten
1551 4547 1676 4581 Erreger
1714 4546 1764 4575 der
1802 4544 1906 4574 Maul-
1943 4542 2002 4571 und

1114 4587 1337 4623 Klauenseuche,
1366 4587 1457 4622 dessen
1488 4586 1631 4622 Eigenart
1659 4584 1822 4621 gleichwohl
1851 4585 1879 4620 so
1908 4589 2001 4619 genau

1111 4627 1247 4663 erforscht
1271 4628 1313 4663 ist,
1336 4627 1392 4663 daß
1415 4628 1498 4663 sogar
1522 4626 1569 4656 ein
1592 4626 1823 4662 Immunserum
1847 4631 1936 4660 gegen
1959 4621 2001 4651 die

1112 4667 1274 4703 Krankheit
1298 4667 1459 4703 hergestellt
1483 4667 1527 4701 ist.
1564 4666 1712 4701 (Aehnlich
1740 4665 1835 4700 liegen
1860 4664 1906 4694 die
1931 4663 2001 4692 Ver¬

1113 4708 1250 4744 hältnisse
1277 4708 1322 4738 bei
1349 4708 1399 4737 der
1425 4707 1595 4742 Rinderpest
1623 4707 1683 4735 und
1709 4706 1759 4735 der
1786 4701 2002 4740 Lungenseuche

1112 4749 1164 4778 des
1187 4747 1335 4783 Pferdes.)

1168 4793 1244 4822 Eine
1271 4793 1424 4828 besondere
1450 4792 1571 4827 Gruppe
1598 4792 1688 4821 unter
1715 4791 1770 4820 den
1796 4789 2000 4818 unbekannten

1113 4834 1262 4869 Erregern
1289 4833 1384 4862 bilden
1409 4833 1453 4862 die
1480 4832 1573 4867 sogen.
1599 4829 1918 4864 ultravisiblen
1942 4827 2000 4856 und

1111 4873 1426 4910 filtrierbaren
1475 4871 1707 4907 Seuchenkeime.
1767 4869 1884 4904 (Maul-
1942 4868 2000 4896 und

1109 4912 1332 4949 Klauenseuche,
1367 4912 1546 4948 Rinderpest,
1581 4910 1767 4947 afrikanische
1793 4908 2000 4944 Pferdesterbe,

1109 4953 1330 4989 Schweinepest,
1356 4953 1489 4988 Pocken);
1518 4951 1701 4986 ultravisibel
1727 4949 1834 4985 heißen
1862 4949 1909 4985 sie,
1932 4947 2000 4977 weil

1110 5001 1180 5023 man
1205 4994 1318 5029 glaubt,
1342 4993 1397 5029 daß
1422 4993 1482 5028 ihre
1507 4992 1607 5028 Größe
1632 4990 1754 5026 jenseits
1778 4990 1828 5021 der
1852 4988 1999 5023 mikrosko¬

1108 5033 1216 5070 pischen
1245 5033 1437 5068 Sichtbarkeit
1463 5033 1543 5068 liegt,
1569 5031 1748 5067 filtrierbar,
1772 5030 1841 5059 weil
1869 5030 1905 5065 sie
1933 5028 2000 5063 auch

1108 5074 1191 5109 durch
1216 5074 1261 5103 die
1287 5073 1492 5110 feinporigsten
1518 5072 1624 5108 Filter,
1649 5071 1695 5101 die
1719 5071 1764 5101 die
1790 5068 1997 5106 gewöhnlichen

1105 5113 1385 5148 Krankheitskeime,
1405 5122 1430 5150 z.
1453 5112 1490 5144 B.
1511 5112 1681 5144 Bakterien,
1701 5110 1913 5148 zurückhalten,
1934 5109 1998 5144 hin¬

1107 5154 1291 5189 durchgehen.
1330 5154 1469 5189 Indessen
1500 5154 1560 5188 sind
1590 5153 1635 5183 die
1665 5151 1773 5187 herauf
1801 5150 1997 5187 gegründeten

1107 5194 1245 5230 Schlüsse,
1274 5194 1330 5228 daß
1361 5194 1434 5229 diese
1463 5193 1564 5223 Keime
1595 5193 1682 5223 einen
1712 5191 1912 5226 Durchmesser
1941 5196 1996 5219 von

1104 5235 1235 5270 weniger
1257 5235 1306 5263 als
1328 5234 1376 5262 ein
1398 5233 1586 5268 Tausendstel
1611 5232 1788 5262 Millimeter
1811 5232 1915 5267 haben,
1937 5230 1996 5259 und

1104 5275 1197 5305 damit
1221 5274 1287 5303 eine
1310 5273 1502 5308 Lebensform
1527 5273 1681 5308 darstellen
1707 5271 1828 5307 müssen,
1854 5272 1899 5301 die
1924 5269 1995 5304 nicht

1105 5314 1185 5348 mehr
1204 5315 1253 5343 als
1270 5315 1320 5343 ein
1340 5313 1511 5348 Zellgebilde
1531 5312 1740 5349 anzusprechen
1762 5312 1809 5346 sei,
1828 5311 1901 5346 nicht
1921 5310 1995 5346 stich¬

1102 5355 1206 5390 haltig.
1240 5354 1362 5383 Einmal
1385 5354 1429 5382 die
1452 5352 1597 5387 Tatsache,
1623 5353 1678 5387 daß
1699 5356 1734 5381 es
1760 5351 1885 5386 tierische
1907 5350 1993 5380 Lebe¬

1101 5395 1195 5430 wesen
1227 5394 1297 5428 gibt,
1326 5392 1370 5422 die
1398 5401 1432 5428 zu
1463 5391 1595 5427 gewissen
1626 5390 1728 5425 Zeiten
1763 5392 1790 5420 so
1819 5390 1892 5420 klein
1923 5382 2000 5425 sind,

2039 4059 2097 4094 daß
2123 4059 2160 4095 sie
2185 4059 2231 4089 die
2256 4058 2351 4094 Filter
2377 4058 2530 4094 passieren,
2555 4057 2665 4092 sodann
2692 4056 2761 4085 aber
2785 4056 2837 4086 der
2860 4056 2931 4085 Um¬

2041 4100 2132 4134 stand,
2157 4099 2214 4135 daß
2242 4099 2481 4134 deformierbare,
2506 4097 2692 4134 halbflüssige
2718 4097 2849 4128 Gebilde,
2876 4097 2932 4125 wie

2041 4142 2074 4168 es
2092 4140 2204 4175 gewisse
2225 4139 2373 4175 Zellarten
2394 4139 2464 4174 sind,
2482 4140 2573 4168 unter
2591 4137 2762 4173 Anpassung
2781 4144 2820 4166 an
2840 4136 2931 4172 Form

2041 4180 2101 4208 und
2130 4180 2224 4210 Weite
2253 4180 2301 4209 der
2330 4188 2366 4216 zu
2396 4179 2595 4215 passierenden
2624 4178 2818 4213 Oeffnungen
2846 4177 2930 4212 durch

2041 4219 2141 4254 Poren
2163 4219 2402 4256 durchschlüpfen,
2423 4220 2512 4248 deren
2534 4217 2732 4253 Durchmesser
2754 4218 2811 4247 viel
2833 4217 2931 4253 gerin¬

2041 4267 2091 4295 ger
2110 4260 2154 4294 ist,
2173 4262 2223 4289 als
2241 4260 2288 4294 ihr
2306 4261 2423 4295 eigener
2441 4258 2642 4293 Durchmesser
2661 4258 2705 4287 bei
2724 4257 2930 4293 Kugelgestalt,

2042 4299 2131 4334 macht
2158 4301 2213 4330 alle
2236 4300 2366 4335 Schlüsse
2390 4303 2450 4328 aus
2473 4300 2524 4329 der
2549 4297 2783 4333 Filtrierbarkeit
2806 4298 2862 4331 auf
2885 4298 2930 4326 die

2040 4339 2141 4375 Größe
2166 4341 2218 4370 der
2240 4340 2440 4376 betreffenden
2465 4338 2758 4374 Krankheitserreger
2784 4337 2929 4373 hinfällig.

2042 4380 2225 4415 (Anderseits
2246 4380 2321 4409 kann
2342 4379 2409 4414 auch
2430 4379 2476 4408 die
2497 4377 2799 4413 Nichtfiltrierbarkeit
2820 4377 2930 4413 infolge

2039 4420 2091 4450 des
2109 4420 2221 4456 großen
2241 4419 2610 4456 Absorptionsvermögens
2630 4419 2680 4447 der
2700 4417 2794 4452 Filter
2814 4417 2864 4453 für
2884 4425 2930 4453 ge¬

2041 4460 2106 4493 löste
2130 4461 2191 4489 und
2213 4460 2412 4495 korpuskulide
2434 4459 2623 4494 Substanzen
2646 4457 2718 4492 nicht
2740 4459 2790 4487 als
2812 4457 2930 4486 Beweis

2042 4499 2092 4529 für
2114 4501 2180 4530 eine
2201 4500 2258 4530 den
2280 4499 2481 4535 Durchmesser
2503 4499 2553 4528 der
2575 4498 2761 4533 Filterporen
2785 4497 2929 4533 übertref¬

2041 4540 2124 4575 fende
2144 4540 2245 4576 Größe
2266 4541 2315 4570 der
2334 4540 2434 4569 Keime
2454 4538 2616 4574 angesehen
2637 4537 2773 4573 werden.)
2805 4537 2929 4572 Ebenso¬

2039 4580 2136 4616 wenig
2158 4581 2214 4610 wie
2236 4581 2281 4610 die
2305 4579 2540 4615 Filtrierbarkeit
2563 4578 2676 4612 beweist
2699 4578 2768 4606 aber
2792 4576 2859 4610 auch
2882 4577 2929 4606 die

2040 4620 2263 4657 mikroskopische
2284 4619 2515 4656 Unsichtbarkeit,
2534 4618 2578 4647 die
2598 4617 2754 4652 unterhalb
2773 4617 2823 4646 der
2844 4616 2929 4650 heute

2039 4661 2194 4695 erreichten
2215 4659 2534 4696 Sichtbarkeitsgrenze
2554 4660 2689 4693 gelegene
2709 4656 2858 4691 Kleinheit
2878 4656 2930 4685 der

2039 4700 2151 4733 Keime,
2174 4701 2211 4730 da
2234 4701 2280 4730 die
2305 4699 2497 4735 Sichtbarkeit
2520 4698 2603 4727 eines
2626 4697 2748 4731 Objekts
2772 4696 2845 4732 nicht
2869 4704 2930 4725 nur

2040 4747 2096 4771 von
2122 4741 2218 4776 seiner
2241 4741 2353 4776 Größe,
2379 4740 2503 4775 sondern
2530 4738 2596 4772 auch
2621 4743 2678 4767 von
2707 4737 2813 4772 seinem
2839 4735 2928 4770 Licht¬

2038 4781 2211 4817 brechungs-
2239 4783 2301 4811 und
2330 4777 2751 4814 Lichtabsorptionsvermögen
2783 4775 2929 4812 abhängig

2039 4821 2082 4856 ist.
2120 4821 2181 4851 Die
2211 4819 2557 4856 Untersuchungsobjekte
2588 4816 2748 4854 erscheinen
2782 4817 2842 4853 also
2874 4816 2928 4845 mi¬

2039 4861 2204 4898 kroskopisch
2230 4869 2290 4892 nur
2319 4860 2442 4896 sichtbar,
2468 4866 2555 4889 wenn
2583 4859 2620 4893 sie
2646 4858 2678 4887 in
2705 4857 2799 4893 diesen
2826 4856 2927 4885 beiden

2038 4901 2175 4935 Punkten
2199 4907 2265 4932 vom
2287 4901 2367 4931 Glas
2390 4901 2558 4935 abweichen,
2581 4901 2646 4928 was
2670 4898 2710 4927 im
2734 4897 2926 4933 allgemeinen

2038 4944 2093 4972 das
2117 4942 2299 4979 Zellplasma
2332 4940 2433 4976 nicht
2467 4942 2523 4972 tut,
2555 4939 2609 4968 das
2643 4937 2731 4972 daher
2762 4946 2798 4974 zu
2833 4937 2927 4973 seiner

2039 4982 2318 5018 Sichtbarmachung
2343 4981 2426 5012 einer
2453 4979 2622 5016 künstlichen
2649 4978 2791 5015 Färbung
2817 4977 2927 5013 bedarf.

2037 5023 2089 5054 Da
2117 5023 2166 5059 sich
2194 5031 2258 5053 nun
2287 5023 2357 5053 aber
2384 5022 2488 5058 gerade
2527 5022 2615 5049 unter
2653 5019 2708 5049 den
2736 5017 2926 5052 Krankheits¬

2036 5071 2174 5100 erregern
2197 5063 2293 5099 einige
2315 5062 2416 5098 finden
2437 5077 2477 5084 —
2496 5061 2553 5092 wie
2574 5061 2623 5090 der
2646 5058 2926 5094 Tuberkelbazillus,

2035 5106 2087 5135 der
2105 5104 2364 5140 Syphiliserreger
2383 5111 2413 5132 u.
2430 5111 2460 5132 a.
2478 5117 2525 5135 —,
2544 5101 2589 5131 die
2606 5101 2657 5131 der
2677 5099 2820 5136 Färbung
2838 5098 2927 5134 große

2037 5144 2290 5182 Schwierigkeiten
2309 5143 2548 5181 entgegensetzen,
2568 5143 2596 5178 so
2616 5141 2710 5177 ergibt
2730 5140 2787 5176 sich,
2807 5139 2862 5174 daß
2881 5139 2927 5168 die

2036 5186 2257 5222 Unsichtbarkeit
2285 5185 2462 5220 keineswegs
2490 5183 2554 5213 eine
2583 5181 2673 5217 Folge
2701 5182 2749 5210 der
2777 5179 2926 5213 Kleinheit

2035 5228 2086 5257 des
2108 5226 2230 5262 Objekts
2253 5234 2289 5262 zu
2315 5226 2374 5262 sein
2398 5223 2530 5259 braucht;
2555 5221 2696 5257 vielmehr
2720 5220 2795 5250 kann
2818 5222 2851 5249 es
2875 5219 2925 5248 der

2035 5267 2153 5302 Chemie
2181 5266 2369 5301 vorbehalten
2400 5265 2472 5300 sein,
2502 5263 2587 5298 durch
2614 5261 2804 5297 Auffindung
2833 5266 2924 5288 neuer

2036 5306 2348 5344 Färbungsmethoden
2379 5306 2425 5335 die
2457 5301 2699 5338 Ultravisibilität
2731 5298 2922 5335 aufzuheben,

2036 5347 2120 5384 somit
2142 5348 2194 5379 der
2219 5344 2504 5382 Seuchenforschung
2528 5341 2686 5378 wesentlich
2709 5340 2741 5368 in
2763 5339 2809 5367 die
2833 5336 2919 5370 Hand

2037 5387 2080 5417 zu
2080 5387 2234 5417 arbeiten.
2269 5386 2317 5416 Ob
2339 5388 2373 5414 es
2398 5384 2447 5419 sich
2471 5382 2613 5416 übrigens
2637 5380 2681 5409 bei
2708 5376 2836 5409 Seuchen
2862 5374 2916 5402 mit

2969 4054 3174 4083 unbekannten
3196 4053 3343 4089 Erregern
3365 4051 3487 4086 wirklich
3509 4060 3561 4080 um
3582 4050 3853 4086 Infektionskrank¬

2969 4093 3066 4128 heiten
3096 4093 3224 4128 handelt,
3254 4093 3327 4122 kann
3358 4091 3438 4127 leicht
3470 4092 3552 4127 durch
3582 4091 3767 4127 Feststellung
3797 4096 3854 4120 von

2969 4133 3157 4168 Immunität
3177 4133 3244 4168 nach
3263 4133 3402 4168 erfolgter
3421 4132 3581 4167 Genesung
3602 4131 3684 4166 sowie
3706 4131 3787 4165 durch
3809 4131 3852 4160 die

2969 4173 3238 4209 Uebertragbarkeit
3258 4172 3306 4202 der
3324 4171 3483 4206 Krankheit
3503 4171 3710 4208 nachgewiesen
3729 4171 3851 4200 werden.

2969 4214 3099 4249 Speziell
3117 4214 3174 4243 das
3194 4213 3350 4248 Auftreten
3370 4213 3421 4241 der
3439 4211 3599 4246 Krankheit
3619 4211 3686 4246 nach
3703 4210 3786 4240 einer
3804 4211 3853 4239 be¬

2969 4254 3115 4287 stimmten
3142 4252 3402 4288 Inkubationszeit
3430 4251 3511 4286 (nach
3538 4250 3753 4287 experimentell
3782 4253 3853 4279 aus¬

2968 4293 3117 4329 geführter
3134 4292 3300 4328 Infektion)
3317 4292 3403 4328 zeigt,
3421 4292 3478 4326 daß
3497 4291 3551 4321 mit
3570 4291 3633 4321 dem
3651 4290 3853 4326 Ansteckungs¬

2969 4334 3108 4363 material
3132 4333 3205 4367 nicht
3229 4333 3277 4361 ein
3302 4334 3377 4361 totes
3401 4331 3480 4366 Gift,
3505 4332 3625 4366 sondern
3651 4330 3699 4360 ein
3723 4329 3852 4364 vermeh¬

2969 4373 3182 4409 rungsfähiges
3205 4372 3371 4407 Lebewesen
3394 4372 3570 4407 übertragen
3591 4371 3700 4400 wurde.

3025 4413 3087 4449 Für
3113 4413 3158 4443 die
3184 4411 3481 4447 Seuchendiagnostik,
3506 4412 3532 4440 d.
3557 4411 3585 4445 h.
3611 4410 3655 4439 die
3681 4409 3770 4446 rasche
3797 4410 3852 4438 Er¬

2968 4453 3101 4489 kennung
3125 4453 3209 4482 einer
3232 4451 3550 4487 Infektionskrankheit
3577 4449 3668 4484 stehen
3693 4449 3742 4478 der
3765 4449 3851 4478 Tier¬

2968 4493 3095 4529 medizin
3121 4492 3164 4521 im
3190 4491 3386 4526 wesentlichen
3412 4491 3485 4526 zwei
3512 4488 3668 4523 Methoden
3694 4496 3749 4524 zur
3777 4488 3850 4517 Ver¬

2970 4534 3092 4569 fügung,
3128 4532 3173 4561 die
3204 4532 3251 4567 sich
3289 4532 3341 4564 auf
3370 4530 3413 4566 die
3452 4528 3752 4565 serologischen
3790 4528 3851 4557 und

2968 4571 3240 4608 allergischen
3261 4571 3437 4600 Reaktionen
3458 4569 3566 4604 stützen.
3594 4568 3652 4597 Die
3671 4567 3850 4603 serologische

2968 4613 3109 4643 Reaktion
3128 4612 3253 4647 gründet
3274 4610 3319 4645 sich
3340 4611 3394 4645 auf
3413 4609 3458 4639 die
3477 4608 3621 4644 Tatsache,
3639 4608 3696 4643 daß
3716 4608 3757 4637 im
3777 4607 3851 4637 Ver¬

2968 4654 3034 4689 lauf
3056 4653 3139 4683 einer
3164 4649 3482 4687 Infektionskrankheit
3507 4649 3549 4679 im
3573 4648 3665 4678 Blute
3687 4648 3739 4677 des
3764 4647 3852 4683 Infi¬

2967 4694 3076 4730 zierten
3098 4692 3258 4727 bestimmte
3279 4690 3476 4726 Substanzen,
3498 4690 3590 4725 sogen.
3611 4687 3853 4724 Immunkörper,

2967 4733 3120 4767 entstehen,
3143 4731 3188 4761 die
3214 4732 3255 4760 im
3279 4731 3357 4760 Glas
3384 4731 3416 4760 in
3440 4730 3573 4765 typischer
3598 4729 3692 4765 Weise
3717 4728 3771 4758 mit
3796 4728 3852 4757 den

2968 4774 3113 4809 Erregern
3137 4772 3188 4801 der
3212 4771 3410 4806 betreffenden
3437 4770 3557 4804 Seuche,
3583 4769 3643 4799 und
3668 4774 3748 4805 zwar
3773 4775 3852 4797 nur

2968 4814 3040 4843 mit
3074 4812 3227 4848 diesen,
3259 4811 3421 4847 reagieren.
3465 4810 3572 4840 Damit
3599 4809 3632 4845 ist
3660 4810 3708 4839 ein
3736 4807 3852 4843 sicheres

2966 4853 3069 4884 Mittel
3099 4861 3167 4890 zum
3199 4851 3346 4887 Nachweis
3376 4852 3460 4881 einer
3492 4850 3600 4886 Seuche
3630 4850 3765 4885 gegeben,
3796 4848 3851 4877 das

2965 4902 2989 4931 z.
3009 4894 3044 4924 B.
3064 4894 3114 4930 für
3131 4893 3179 4922 die
3196 4892 3378 4928 erfolgreiche
3395 4891 3599 4926 Bekämpfung
3617 4890 3666 4919 der
3686 4888 3851 4923 Rotzkrank¬

2965 4934 3023 4971 heit
3049 4934 3094 4964 die
3119 4934 3292 4969 Grundlage
3318 4933 3431 4962 bildete.
3464 4931 3523 4960 Die
3549 4931 3642 4967 sogen.
3668 4927 3849 4964 allergischen

2967 4973 3353 5012 (Ueberempfindlichkeits-)
3377 4971 3555 5002 Reaktionen
3575 4969 3704 5004 beruhen
3725 4968 3780 5003 auf
3797 4967 3849 4996 der

2964 5015 3151 5052 gesteigerten
3177 5012 3422 5049 Empfindlichkeit
3446 5012 3498 5041 der
3521 5010 3644 5040 Gewebe
3666 5009 3749 5038 eines
3775 5006 3844 5041 infi¬

2964 5057 3075 5094 zierten
3107 5052 3324 5090 Organismus'
3356 5051 3520 5088 gegenüber
3549 5047 3761 5081 Bestandteilen
3790 5044 3842 5072 des

2964 5096 3162 5131 betreffenden
3182 5093 3335 5130 Bazillus'.
3364 5091 3510 5126 Während
3527 5097 3551 5124 z.
3570 5088 3605 5117 B.
3624 5088 3672 5115 ein
3693 5082 3839 5113 normaler

2965 5136 3173 5173 Organismus
3202 5135 3270 5169 nach
3299 5130 3525 5162 Einverleibung
3557 5126 3636 5155 einer
3665 5122 3750 5156 Dosis
3781 5125 3837 5148 von

2964 5175 3143 5208 Tuberkulin
3167 5174 3234 5203 oder
3258 5172 3391 5202 Mallein,
3415 5169 3439 5198 d.
3465 5167 3490 5201 h.
3516 5163 3668 5200 Extrakten
3691 5162 3748 5188 aus
3772 5158 3834 5186 Tu¬

2961 5217 3067 5247 berkel-
3092 5215 3164 5249 resp.
3191 5210 3387 5246 Rotzbazillen,
3412 5206 3489 5235 keine
3516 5201 3723 5232 Veränderung
3747 5203 3828 5231 zeigt,

2961 5257 3112 5290 reagieren
3135 5249 3329 5285 entsprechend
3351 5244 3496 5275 erkrankte
3520 5242 3606 5269 Tiere
3629 5245 3662 5265 in
3684 5242 3759 5271 ganz
3782 5235 3825 5263 be¬

2960 5295 3099 5330 stimmter
3122 5290 3213 5322 Weise
3236 5286 3359 5321 (Fieber,
3383 5277 3636 5316 Entzündungen).

3011 5331 3073 5365 Für
3107 5329 3150 5358 die
3176 5324 3368 5359 Behandlung
3402 5321 3452 5350 der
3478 5314 3829 5354 Infektionskrankheiten

2955 5371 3082 5399 kommen
3103 5365 3246 5400 ebenfalls
3268 5363 3306 5392 im
3328 5361 3437 5398 großen
3458 5359 3518 5389 und
3538 5363 3651 5393 ganzen
3672 5354 3741 5390 zwei
3763 5353 3831 5383 Me¬
