4105 5551
328 231 517 277 Sonntag

252 285 325 328 11.
345 291 445 332 3uni
469 289 590 330 1939

342 356 458 396 Blatt
479 357 506 396 6

861 187 1286 396 Neue
1361 186 2002 442 Zürcher
2065 189 2734 452 Zeitung

2898 266 3045 315 Zweite
3066 265 3438 315 Sonntagausgabe

3074 335 3138 380 M
3156 334 3274 376 1051

223 516 593 588 Einweihung
623 521 723 575 des
751 523 975 579 Basler
1003 522 1671 590 Aniversitätsneubaues

164 618 252 650 Basel,
274 620 305 645 10
306 620 312 653 .
333 620 413 653 Juni.
435 624 456 648 *
478 622 545 653 „Die
566 622 656 653 Weihe
676 624 720 650 de?
741 624 857 657 Hause»'
879 630 931 652 van

111 658 270 689 Beethoven.
313 659 419 691 gespielt
464 665 524 687 vom
568 661 699 694 Orchester
743 664 788 690 der
831 664 932 691 Basler

112 696 399 730 Orchcstergesellschaft
429 700 508 727 unter
536 701 581 727 der
609 699 748 727 Direktion
777 707 828 728 von
855 702 932 734 Hans

112 736 220 767 Münch.
243 735 314 762 leitet
337 738 411 767 heute
434 737 678 771 Samslagmorgcn
703 743 750 766 den
774 739 871 773 Festakt
896 741 932 767 im

112 773 236 804 Münster
258 773 310 804 ein,
333 776 378 802 der
400 777 456 802 dem
479 783 562 804 neuen
586 778 640 804 und
662 777 846 810 neuzeitlichen
870 779 932 806 Ilni-

111 812 344 845 versitätsnenbau
366 813 425 846 gilt.
447 814 505 842 Wie
526 815 566 843 die
588 815 682 846 Musik,
705 816 730 847 so
753 817 848 849 trugen
871 818 932 850 a»ch

112 853 157 878 der
180 849 232 877 Ort
257 853 311 877 und
333 851 373 880 die
396 852 510 885 Formen
535 855 579 881 der
603 853 779 887 Feierlichkeit
803 855 843 882 die
866 856 931 888 Ehr-

114 889 196 921 surcht
214 893 263 916 vor
281 891 326 916 der
344 891 557 924 Vergangenheit
576 892 603 919 in
623 891 674 924 sich.
693 892 743 919 Die
760 892 869 925 Fahnen
887 896 932 921 der

112 927 322 960 Verbindungen
356 932 410 956 und
441 929 548 963 Zünste,
580 929 621 957 die
654 930 754 958 Talare
786 933 831 958 der
864 933 932 966 Pro-

115 966 232 1000 fessoren,
270 966 311 993 die
349 967 570 1001 sarbentragende
616 969 853 1003 Studentenschaft,
892 971 932 997 die

113 1004 221 1033 Mäntel
255 1006 310 1032 und
344 1006 439 1038 Zepter
472 1008 518 1034 der
551 1007 766 1035 Standesweibcl
799 1010 854 1035 und
887 1010 932 1036 der

111 1043 337 1076 Blumenschmuck
362 1044 475 1072 bildeten
502 1045 577 1073 einen
605 1045 743 1079 freudigen
768 1047 822 1073 und
848 1048 932 1074 leben¬

112 1083 189 1116 digen
213 1084 305 1115 Kranz
329 1090 374 1109 um
399 1083 440 1110 die
465 1083 502 1110 im
527 1083 650 1115 Münster
675 1084 859 1117 versammelte
883 1086 931 1113 Gc-

116 1120 279 1154 lehrsamleit
304 1122 358 1147 und
381 1121 625 1150 Staatsautorität.

164 1157 378 1191 Regiernngsrat
405 1159 454 1187 Tr.
482 1160 512 1193 F.
539 1159 691 1191 Hauser.
717 1160 857 1193 Vorsteher
884 1162 929 1188 de§

112 1196 488 1232 Erziehungsdepartemenls,
515 1197 641 1232 begrüßte
668 1198 709 1225 die
737 1199 930 1232 Festgemeinde

113 1237 149 1263 im
171 1236 274 1263 Namen
299 1236 393 1268 Basels
418 1239 472 1263 und
497 1238 588 1264 dankte
612 1239 681 1264 allen
705 1239 796 1267 denen,
821 1238 862 1265 die
885 1246 929 1265 am

112 1276 361 1309 Zustandekommen
390 1278 435 1302 de»
462 1283 545 1303 neuen
572 1275 841 1310 Kollkgiengebändes
868 1277 929 1304 mit-

113 1312 256 1347 gearbeitet
277 1313 368 1346 haben.
396 1314 447 1342 Die
465 1314 627 1348 Universität
647 1314 677 1347 ist
696 1314 759 1347 anfs
779 1314 860 1348 tiefste
880 1315 928 1342 mit

113 1355 169 1380 dem
194 1352 438 1385 VolkSbewußtsci»
462 1355 625 1384 verbunden;
651 1353 718 1385 ohne
742 1353 774 1386 sie
797 1353 827 1386 ist
851 1354 928 1387 Basel

112 1392 179 1425 nicht
209 1392 329 1418 denkbar.
372 1392 431 1419 Tas
459 1393 524 1420 Volk
553 1393 596 1424 hat
626 1391 669 1424 ihr
697 1392 757 1424 stets
782 1400 861 1425 gerne
889 1392 930 1419 die

113 1429 315 1463 erforderlichen
350 1430 444 1458 Büttel
480 1430 617 1465 bewilligt.
661 1431 834 1458 Andernorts
868 1439 930 1464 mag

112 1468 236 1501 vielleicht
262 1468 303 1495 die
329 1469 490 1502 Universität
516 1469 558 1497 ein
583 1469 775 1502 Fremdkörper
800 1469 863 1502 sein,
889 1470 928 1497 bei

112 1511 167 1537 »ns
186 1507 261 1541 sicher
280 1507 355 1541 nicht.
384 1508 459 1536 Dank
479 1508 620 1535 verdienen
639 1509 691 1535 alle
710 1508 832 1539 Gönner,
850 1509 931 1536 unter

114 1550 195 1575 denen
221 1545 262 1573 die
289 1547 389 1574 Ba»ler
417 1546 558 1580 Industrie
585 1554 621 1574 an
650 1547 729 1579 erster
756 1546 831 1575 Linie
860 1547 930 1579 steht.

113 1587 169 1616 Mit
194 1585 269 1618 ihre»
295 1585 500 1619 Grundgesetze»
525 1585 554 1618 ist
579 1585 620 1613 die
644 1586 745 1613 Ba-:-ler
768 1584 930 1619 Universität

114 1626 153 1653 die
176 1623 287 1658 freieste;
310 1625 358 1651 das
382 1623 538 1652 überbindet
561 1624 604 1656 ihr
627 1623 766 1657 Pflichten,
789 1626 877 1657 zumal
902 1624 930 1651 in

114 1665 187 1692 einer
209 1662 277 1696 Zeit,
300 1668 341 1690 wo
363 1664 528 1691 andernorts
550 1664 595 1690 der
619 1662 738 1697 Freiheit
761 1664 805 1689 des
829 1662 931 1696 Geistes

114 1702 262 1738 Schranken
290 1702 373 1735 gesetzt
401 1702 464 1735 sind.
498 1702 576 1734 Basel
600 1709 635 1728 a»
661 1702 706 1728 der
733 1702 931 1735 Landesgrenzc

115 1744 143 1776 ist
162 1740 300 1776 hellhörig.
327 1740 411 1768 Seine
429 1740 591 1773 Universität
610 1739 671 1772 hilft
689 1739 748 1770 mit,
767 1740 811 1774 sich
830 1740 874 1773 für
890 1740 931 1767 die

114 1779 309 1817 schweizerische
330 1779 556 1812 Unabhängigkeit
577 1778 740 1813 einzusehen.

162 1820 218 1849 Der
256 1819 351 1846 Rektor
388 1820 434 1846 der
471 1818 634 1851 llniversität
671 1817 759 1850 Basel,
796 1817 932 1850 Professor

112 1861 161 1889 Dr.
184 1857 263 1890 Ernst
287 1858 311 1885 S
323 1858 331 1884 t
342 1865 357 1884 a
369 1864 380 1884 e
391 1858 406 1890 h
418 1864 429 1884 e
440 1858 448 1884 l
461 1856 469 1884 i
481 1865 507 1887 n.
539 1856 605 1890 grisf
630 1855 658 1883 in
684 1855 769 1889 seiner
794 1856 863 1884 Rede
886 1856 932 1888 auf

113 1899 153 1926 die
171 1896 387 1929 Stiftungsbnllc
406 1901 467 1923 vom
485 1895 633 1923 November
654 1896 718 1921 1459
737 1895 834 1928 zurück,
853 1896 931 1921 deren

112 1937 280 1971 Zielsetzung,
317 1934 358 1961 die
393 1934 565 1964 Humanität,
601 1933 630 1960 in
666 1934 737 1960 allen
775 1932 932 1966 seitherigen

113 1972 409 2007 Entwicklungsphasen
427 1975 472 2000 der
484 1972 645 2005 Universität
662 1971 840 2004 wiederkehrt.
857 1972 933 2005 Fach-

113 2011 362 2047 wissenschaftliches
399 2011 524 2046 Forschen
561 2012 615 2038 und
644 2010 750 2038 Denken
787 2014 838 2037 ans
876 2012 933 2037 dem

113 2053 198 2087 Geiste
233 2052 278 2078 der
306 2050 466 2083 Humanität
502 2057 551 2084 zur
578 2048 793 2083 Hineinbildung
828 2049 856 2076 in
893 2048 934 2076 die

114 2089 275 2123 Humanität
294 2088 324 2122 ist
343 2088 384 2116 die
402 2088 483 2123 große
501 2087 614 2117 Leitidcc
633 2086 776 2121 geblieben,
794 2088 848 2114 und
867 2087 934 2121 diese

113 2129 224 2160 Leitidcc
246 2127 276 2162 ist
298 2127 506 2161 hineingehoben
527 2127 555 2155 in
577 2125 618 2154 die
638 2126 708 2153 Welt
729 2127 774 2153 der
795 2125 932 2159 biblischen

112 2168 302 2203 Offenbarung
326 2173 374 2200 zur
400 2166 562 2200 Entfaltung
588 2166 633 2192 der
659 2166 716 2191 dem
740 2164 878 2198 Menschen
905 2164 933 2191 in

113 2210 158 2235 der
181 2205 335 2239 Schöpfung
359 2204 526 2238 verliehenen
550 2203 779 2237 Gottähnlichkeit.
803 2204 862 2231 Das
885 2211 933 2230 un¬

114 2243 271 2277 ermüdliche
290 2243 415 2277 Forschen
436 2243 473 2270 im
493 2243 613 2276 Nahmen
635 2243 680 2269 der
700 2241 835 2275 einzelnen
857 2242 933 2276 Fach¬

113 2282 315 2319 wissenschaften
342 2282 371 2315 ist
396 2283 549 2309 verbunden
574 2280 624 2309 mit
649 2281 695 2308 der
719 2280 859 2314 Ehrfurcht
885 2285 934 2308 vor

113 2325 158 2351 der
184 2322 285 2351 Würde
311 2321 355 2348 de»
382 2320 529 2354 Menschen.
555 2320 607 2348 Die
632 2319 780 2353 Hoffnung,
806 2320 868 2353 auch
895 2319 933 2346 im

113 2367 198 2391 neuen
224 2360 330 2394 schönen
354 2359 432 2390 Heim
455 2359 496 2386 die
520 2357 671 2391 Hierarchie
695 2359 741 2385 der
766 2358 856 2385 Werte
880 2358 937 2385 und

113 2398 242 2429 Arbeiten
270 2397 456 2432 ansznbilden,
484 2399 533 2425 da»
561 2397 631 2424 wird
659 2396 687 2423 in
716 2396 812 2423 immer
841 2404 934 2424 neuem

113 2434 527 2470 Verantwortungsbewußtsein
546 2436 624 2470 unser
640 2434 699 2468 Ziel
717 2434 779 2468 sein.
796 2434 858 2463 Wir
875 2436 935 2465 alle.

112 2476 278 2512 Dozierende
300 2477 354 2502 und
377 2474 565 2504 Studierende,
587 2474 682 2501 wollen
705 2476 758 2500 uns
780 2481 815 2501 an
839 2473 934 2506 diesem

112 2518 186 2551 Tage
208 2514 271 2547 a»fs
294 2520 359 2541 neue
380 2520 440 2547 znm
464 2514 549 2547 letzten
573 2512 673 2546 Einsatz
696 2517 747 2539 von
770 2512 857 2540 Treue
880 2513 933 2539 nnd

113 2554 236 2589 Hingabe
255 2552 301 2586 auf
320 2553 376 2579 dem
394 2553 486 2580 Boden
506 2553 550 2579 der
570 2550 821 2584 wissenschaftlichen
839 2550 934 2578 Arbeit

112 2591 295 2627 verpflichten.
320 2591 390 2618 Aber
414 2591 465 2618 alle
488 2589 642 2624 Facharbcit
667 2590 712 2622 hat
736 2588 824 2616 keinen
850 2588 935 2620 Sinn,

112 2638 191 2660 lvcnn
215 2630 247 2663 sie
267 2636 328 2663 znm
349 2629 463 2662 Unsegen
486 2630 540 2656 nnd
562 2627 657 2661 Unheil
678 2627 836 2661 ausschlägt,
856 2633 934 2655 wenn

114 2672 147 2705 sic
166 2668 234 2702 nicht
256 2667 292 2695 im
312 2667 418 2700 Dienste
438 2667 511 2694 einer
531 2668 630 2700 höher»
650 2666 717 2698 Idee
736 2668 791 2693 »nd
811 2668 856 2693 der
877 2674 934 2693 um¬

114 2709 247 2744 fassenden
278 2705 417 2738 Wahrheit
450 2706 519 2738 steht.
550 2704 626 2737 Diese
659 2705 753 2736 höhere
784 2705 851 2737 Idee
881 2706 936 2732 »nd

114 2745 275 2780 umfassende
294 2743 434 2776 Wahrheit
454 2744 520 2770 kann
541 2743 610 2770 keine
629 2744 727 2769 andere
748 2742 800 2775 sein
821 2744 865 2770 als
886 2742 936 2774 die.

117 2785 207 2818 welche
239 2782 280 2809 die
310 2782 422 2815 größten
454 2781 556 2815 Geister
587 2782 633 2809 der
664 2780 936 2815 Menschcngeschichtc

122 2824 164 2856 seit
185 2820 404 2856 Jahrtausenden
426 2821 522 2853 erahnt
545 2821 638 2854 haben:
662 2821 709 2847 den
733 2820 870 2853 Menschen
893 2822 936 2847 als

124 2859 275 2895 Geheimnis
293 2860 338 2886 der
355 2858 538 2892 Geheimnisse,
554 2860 598 2887 als
616 2859 736 2886 Wunder
754 2860 799 2886 der
816 2859 937 2887 Wunder

122 2901 156 2928 im
181 2898 256 2931 Reich
282 2898 327 2925 des
353 2897 528 2932 Universums
553 2905 586 2932 zu
611 2896 730 2931 Freiheit
756 2899 810 2925 »nd
836 2898 936 2925 Würde

121 2934 343 2973 kinporzubilden.

167 2976 235 3008 Nach
259 2975 315 3002 dem
338 2975 440 3008 Adagio
465 2977 516 3002 an?
539 2975 568 3008 I.
592 2974 623 3003 S.
647 2974 731 3006 Bachs
755 2976 772 3002 l.
796 2975 935 3002 Branden-

119 3014 275 3050 bnrgischem
291 3013 405 3048 Konzert
422 3014 508 3048 sprach
525 3013 771 3047 Bundespräsidcnt
787 3013 836 3042 Dr.
853 3014 935 3042 Etter.

197 3082 288 3112 Ncdc
315 3085 381 3112 von
409 3080 736 3119 Bundespräsident
763 3083 866 3113 G?ttct

171 3138 256 3166 Wenn
275 3137 319 3164 der
337 3137 417 3164 Bund
435 3137 532 3165 daraus
550 3136 686 3170 verzichtet
704 3137 758 3169 hat.
775 3137 833 3164 eine
851 3137 940 3170 eigene

120 3170 384 3204 Landesuniversttät
399 3179 432 3204 zu
449 3172 586 3203 errichten,
604 3171 630 3203 so
646 3177 706 3198 war
723 3171 806 3204 dieser
821 3172 940 3205 Verzicht

122 3210 187 3239 ohne
203 3205 313 3239 Zweifel
332 3207 408 3236 durch
425 3206 489 3240 zivei
508 3206 722 3240 »eberlegnngen
740 3207 940 3239 gerechtfertigt.

121 3241 266 3272 Einerseits
289 3242 366 3273 durch
387 3241 428 3268 die
449 3241 568 3275 Einsicht,
591 3240 641 3271 daß
664 3241 704 3268 die
724 3240 798 3268 Liebe
820 3243 874 3269 nnd
896 3243 941 3270 der

121 3275 285 3310 Lpscrwillr,
311 3277 358 3302 den
386 3275 427 3303 die
454 3275 667 3309 schiveizerischen
694 3275 941 3308 Hochschnlkantone

122 3313 166 3342 für
185 3313 231 3339 den
251 3310 364 3338 Ausbau
383 3310 456 3342 ihrer
475 3311 632 3338 kantonalen
651 3309 818 3343 Hochschulen
837 3318 871 3338 an
892 3312 940 3339 den

121 3347 178 3380 Tag
200 3346 294 3378 legten,
315 3344 355 3372 die
377 3345 530 3378 Gründung
550 3346 623 3373 einer
645 3345 855 3378 eidgenössischen
877 3345 941 3373 Uni-

121 3382 227 3412 vcrsitnt
249 3379 291 3407 nie
309 3382 352 3407 als
373 3380 429 3407 eine
447 3378 656 3414 Notwendigkeit
675 3378 827 3412 empfinden
847 3379 941 3412 ließen.

173 3415 229 3443 Und
253 3414 400 3446 anderseits
425 3414 465 3442 die
488 3413 658 3445 Erkenntnis,
682 3414 732 3445 daß
755 3417 781 3442 es
805 3416 850 3442 der
875 3415 941 3446 poli¬

122 3452 222 3485 tischen,
249 3449 419 3482 sprachlichen
444 3451 498 3477 und
525 3449 648 3483 geistigen
675 3449 807 3477 Struktur
833 3450 941 3481 unseres

122 3487 223 3515 Landes
242 3483 390 3517 entspricht,
408 3485 469 3517 auch
488 3484 529 3512 die
548 3483 705 3517 Hochschule,
725 3483 790 3515 diese
809 3484 941 3518 Krönung

122 3523 166 3549 des
194 3518 357 3552 össcntlichen
387 3518 635 3552 Bildungswesens,
663 3518 720 3545 eine
747 3518 870 3547 Domäne
896 3521 941 3547 der

121 3554 301 3585 Gliedstaaten
329 3553 435 3584 unseres
463 3553 673 3587 eidgenössischen
701 3553 811 3581 Bundes
839 3553 940 3581 bleiben

121 3598 154 3624 zu
179 3588 266 3620 lassen.
299 3588 422 3619 Dadurch
445 3588 514 3615 wird
538 3593 566 3616 es
589 3587 751 3621 ermöglicht,
774 3587 826 3619 daß
850 3588 942 3619 unsere

123 3623 317 3656 Universitäten
339 3622 395 3655 ihre
413 3623 491 3653 Kraft
512 3622 607 3651 immer
626 3622 723 3650 ivieder
741 3630 870 3649 erneuern
890 3627 941 3650 aus

123 3662 168 3688 der
194 3657 339 3686 Tradition
367 3659 411 3685 des
438 3658 555 3689 Bodens,
581 3661 632 3685 aus
658 3658 714 3684 dem
742 3657 773 3690 sic
798 3658 941 3690 gewachsen

125 3695 187 3729 sind.

174 3726 301 3759 Bedürfte
323 3729 349 3754 es
372 3726 432 3759 noch
453 3726 526 3755 eines
548 3725 678 3759 Belveiscs
702 3725 746 3759 für
767 3726 807 3754 die
828 3726 942 3760 Nichtig¬

123 3764 170 3792 keit
199 3762 280 3792 dieser
309 3761 398 3790 beide»
428 3761 650 3795 Ueberlcgungcn,
679 3762 750 3788 dann
779 3761 871 3788 ivürde
897 3763 942 3789 der

123 3797 226 3830 heutige
253 3796 311 3830 Tag
348 3796 509 3829 neuerdings
545 3796 629 3828 diesen
657 3794 763 3823 Beweis
790 3795 942 3828 erbringen.

122 3834 204 3867 Heule
229 3831 283 3863 sind
306 3830 358 3858 wir
382 3831 485 3864 Zeugen
512 3833 565 3858 »nd
589 3829 739 3863 Mitträger
764 3831 808 3857 der
832 3830 942 3861 Freude,

136 3868 176 3896 die
203 3873 270 3899 ganz
297 3866 374 3899 Basel
403 3865 545 3899 empfindet
573 3866 604 3893 ob
632 3866 676 3892 der
704 3864 853 3898 glücklichen
881 3865 948 3893 Voll-

965 625 1071 658 endnng
1098 627 1143 653 der
1169 627 1286 657 Bauten,
1314 627 1354 655 die
1380 628 1470 659 fortan
1498 628 1539 656 die
1567 628 1642 661 stolze
1668 629 1782 662 Festung

966 660 1136 692 baslcrischer
1153 661 1329 693 Wissenschaft
1347 664 1400 689 und
1417 663 1589 695 baslerischen
1608 663 1709 694 Geistes
1728 664 1781 695 sein

966 695 1054 725 sollen.
1087 689 1143 722 Der
1167 695 1319 728 Wagemut,
1342 697 1391 723 mit
1416 698 1474 723 dem
1499 697 1539 724 die
1564 698 1703 726 Behörden
1730 702 1783 724 »nd

967 731 1015 755 das
1038 729 1104 755 Voll
1126 734 1176 756 von
1201 730 1278 759 Basel
1305 733 1352 757 de»
1375 730 1472 762 Kampf
1496 738 1574 763 gegen
1599 731 1639 758 die
1662 732 1783 759 Arbeils-

968 762 1080 794 losigkeit
1101 763 1128 789 in
1149 765 1196 790 den
1216 763 1308 795 Dienst
1327 766 1370 792 des
1388 764 1511 798 geistigen
1531 767 1628 792 Lebens
1647 773 1678 798 zu
1697 766 1783 795 stellen

967 796 1083 827 wußten,
1111 798 1230 825 verdient
1260 799 1371 831 Ehrung
1408 800 1461 825 und
1489 799 1705 834 Bewunderung.
1734 801 1783 833 Im

966 831 1069 858 Namen
1089 833 1133 858 de»
1152 832 1339 860 Bundesrates
1359 833 1470 861 entbiete
1489 833 1524 866 ich
1542 834 1632 865 Ihnen
1652 841 1683 866 zu
1702 834 1784 867 dieser

966 866 1148 898 hochgemuten
1170 866 1222 893 Tat
1244 867 1341 899 unser»
1363 867 1505 901 herzliche»
1525 868 1714 902 Glückwunsch.

1017 916 1071 943 Mit
1099 918 1155 943 dem
1181 918 1243 945 Ban
1269 918 1354 950 Ihrer
1380 926 1463 946 neuen
1490 918 1785 952 Univcrsitätsgebäude

967 951 1050 979 haben
1070 951 1119 979 Tie
1134 951 1196 981 auss
1217 960 1280 979 neue
1300 952 1374 985 jene»
1394 953 1467 981 edlen
1488 953 1561 980 Sinn
1580 953 1624 986 für
1641 954 1711 985 Geist
1730 956 1784 981 nnd

966 984 1055 1015 Größe
1089 986 1221 1016 bekundet,
1253 989 1298 1014 der
1324 989 1372 1014 das
1397 987 1462 1015 Volk
1493 986 1579 1020 Ihrer
1604 989 1676 1015 alten
1702 989 1784 1016 Stadt

967 1019 1063 1047 immer
1084 1020 1174 1050 beseelt
1196 1022 1249 1051 hat.
1279 1021 1366 1053 Basel,
1386 1021 1427 1049 die
1446 1021 1643 1053 Handelsstadt,
1662 1029 1721 1050 ivar
1741 1030 1784 1055 zu-

967 1053 1046 1086 gleich
1063 1055 1124 1086 auch
1141 1054 1181 1081 die
1197 1055 1260 1086 erste
1275 1060 1327 1082 von
1344 1057 1413 1083 allen
1430 1055 1642 1088 schweizerischen
1660 1057 1785 1087 Städten,

967 1089 1007 1116 die
1028 1088 1098 1120 schon
1121 1088 1157 1115 im
1178 1089 1266 1121 Jahre
1289 1091 1353 1115 1460
1373 1090 1430 1117 eine
1448 1090 1536 1123 eigene
1557 1090 1718 1121 llniversität
1740 1092 1785 1118 in»

969 1123 1049 1150 Leben
1068 1123 1126 1152 ries.
1151 1123 1201 1151 Die
1218 1125 1319 1152 Basler
1335 1125 1487 1154 erkannten,
1503 1124 1554 1155 daß
1570 1126 1615 1152 der
1631 1126 1785 1157 wirtschast-

968 1157 1029 1189 lichc
1050 1157 1205 1189 Wohlstand
1226 1166 1278 1185 nur
1300 1161 1371 1186 dann
1392 1159 1468 1186 einen
1492 1159 1564 1186 Sin»
1587 1160 1640 1189 hat.
1660 1165 1737 1187 wenn
1758 1168 1786 1187 er

967 1192 1052 1218 einem
1074 1192 1197 1223 höheren,
1216 1192 1340 1225 geistigen
1361 1194 1442 1221 Lebe»
1463 1195 1507 1219 als
1529 1193 1608 1224 solide
1628 1194 1786 1227 Grundlage

968 1226 1049 1256 dient,
1075 1229 1129 1253 und
1154 1226 1205 1258 daß
1233 1228 1380 1259 umgekehrt
1408 1227 1473 1259 diese
1500 1229 1598 1260 höhcrn
1626 1229 1715 1256 Werte
1741 1230 1786 1255 des

967 1259 1090 1293 geistigen
1117 1261 1215 1288 Lebens
1241 1262 1438 1295 unentbehrlich
1464 1262 1527 1293 sind,
1552 1264 1597 1289 „m
1624 1263 1671 1290 den
1696 1263 1787 1294 Wohl-

969 1295 1041 1326 stand
1064 1294 1135 1322 eines
1155 1296 1251 1322 Volkes
1273 1296 1368 1324 immer
1390 1296 1486 1323 wieder
1508 1304 1558 1323 neu
1578 1304 1610 1329 zu
1631 1297 1787 1329 befruchten.

969 1328 1077 1360 Seither
1104 1331 1147 1359 hat
1175 1330 1253 1362 Basel
1282 1330 1319 1357 im
1346 1331 1425 1358 Lauic
1452 1331 1496 1357 der
1522 1330 1725 1364 Jahrhunderte
1751 1339 1786 1358 an

968 1366 1016 1391 das
1037 1363 1142 1396 geistige
1161 1364 1242 1391 Lebe»
1264 1365 1371 1397 nnsrres
1392 1365 1493 1392 Landes
1514 1365 1571 1392 eine
1591 1365 1711 1398 Leistung
1729 1365 1787 1398 ans-

968 1398 1095 1431 gebracht,
1123 1398 1164 1425 die
1191 1399 1235 1431 sich
1272 1406 1324 1426 ans
1352 1401 1397 1427 der
1434 1399 1646 1432 schiveizerischen
1674 1401 1787 1427 Kultur¬

967 1432 1097 1465 geschichte
1123 1440 1172 1465 gar
1197 1433 1264 1464 nicht
1289 1434 1441 1467 wegdenken
1467 1433 1531 1465 läßt.
1556 1434 1617 1461 Seit
1642 1436 1686 1461 der
1709 1435 1786 1465 Hoch¬

968 1468 1039 1494 blüte
1066 1468 1110 1494 des
1134 1467 1335 1501 Humanismus
1360 1468 1402 1495 bis
1427 1468 1473 1498 ans
1499 1470 1546 1495 den
1572 1468 1695 1501 heutigen
1721 1468 1788 1500 Tag.

968 1501 1013 1532 seit
1039 1501 1174 1528 Erasmus
1199 1507 1251 1529 von
1277 1503 1435 1530 Rotterdam
1460 1502 1502 1529 bis
1527 1510 1559 1536 zu
1583 1503 1669 1534 Jacob
1694 1502 1787 1531 Bnrck-

969 1537 1047 1566 hardt
1070 1538 1124 1563 »nd
1146 1538 1262 1564 darüber
1283 1537 1384 1570 hinaus
1406 1538 1450 1570 hat
1472 1537 1541 1568 Ihre
1563 1537 1644 1565 Stadt
1668 1537 1788 1567 unserem

969 1571 1055 1598 Lande
1075 1570 1171 1598 immer
1190 1571 1288 1599 ivieder
1309 1572 1428 1599 Männer
1449 1571 1581 1604 geschenkt,
1601 1573 1680 1599 deren
1700 1572 1789 1604 Glanz

970 1605 1036 1636 nicht
1065 1612 1117 1632 nur
1144 1605 1230 1637 Ihrer
1257 1606 1349 1637 Stadt,
1384 1606 1495 1637 sondern
1531 1607 1587 1633 dem
1613 1606 1716 1633 Namen
1744 1608 1789 1633 der

970 1639 1087 1672 Schiveiz
1104 1640 1164 1666 iveit
1183 1641 1246 1667 über
1265 1641 1356 1672 nufere
1374 1641 1589 1672 Laudesgrenze»
1608 1641 1707 1672 hinaus
1719 1641 1789 1670 Ehre

969 1674 1088 1705 einlegte.
1115 1674 1245 1704 Zentrum
1271 1675 1352 1705 dieser
1377 1674 1486 1705 weithin
1513 1675 1688 1705 strahlenden,
1713 1682 1789 1702 euro-

970 1707 1085 1741 päischcn
1106 1708 1195 1739 Größe
1213 1715 1272 1736 war
1292 1709 1360 1742 Ihre
1380 1708 1549 1740 Universität.
1569 1709 1618 1737 Sie
1637 1710 1729 1736 konnte
1748 1709 1789 1737 die

969 1743 1056 1775 schöne
1078 1743 1189 1774 Mission
1214 1751 1267 1771 »nr
1289 1744 1410 1775 erfüllen,
1431 1743 1491 1771 weil
1515 1744 1547 1776 sic
1569 1744 1613 1776 sich
1636 1744 1731 1774 nährte
1753 1751 1789 1770 an

969 1777 1063 1808 Basels
1084 1771 1189 1810 großer,
1209 1779 1468 1812 ununterbrochener
1488 1778 1643 1808 Tradition,
1662 1778 1723 1805 weil
1744 1779 1789 1805 der

968 1811 1074 1839 Genius
1100 1811 1172 1839 eines
1197 1813 1388 1846 geschlossenen,
1413 1812 1522 1842 kleinen,
1545 1813 1607 1839 aber
1633 1812 1726 1845 freien,
1749 1820 1789 1845 gc-

969 1845 1081 1879 schichts-
1108 1848 1162 1873 nnd
1190 1846 1463 1881 sendungsbcwußten
1491 1847 1703 1879 Gemeinwesens
1731 1847 1790 1879 hin¬

969 1882 1009 1908 ter
1035 1880 1078 1912 ihr
1104 1881 1184 1913 stand.
1209 1881 1296 1914 Jacob
1321 1882 1471 1914 Bnrckhard
1497 1882 1567 1912 hätte
1592 1884 1645 1908 uns
1670 1881 1713 1908 nie
1739 1881 1789 1908 mit

969 1914 1078 1948 gleicher
1103 1915 1295 1949 einzigartiger
1320 1917 1398 1948 Kraft
1424 1915 1464 1943 die
1490 1915 1594 1948 geistige
1619 1916 1709 1946 Größe
1735 1918 1790 1942 nnd

971 1950 1115 1980 unerhörte
1144 1943 1340 1984 Fruchtbarkeit
1371 1953 1416 1978 der
1445 1950 1609 1982 griechischen
1639 1952 1693 1977 nnd
1722 1950 1790 1982 spät¬

971 1985 1212 2015 mittelalterlichen
1238 1985 1319 2018 Polis
1344 1985 1498 2017 offenbaren
1526 1986 1633 2015 können,
1658 1990 1735 2012 wenn
1763 1992 1791 2012 er

972 2019 1039 2053 nicht
1058 2019 1129 2052 selbst
1148 2020 1255 2053 Bürger
1274 2020 1348 2048 einer
1365 2020 1462 2054 solchen
1480 2019 1559 2052 Polis
1578 2019 1690 2052 geivesc»
1709 2021 1790 2046 iväre.

1022 2070 1115 2102 Letzten
1134 2071 1262 2105 Sonntag
1279 2072 1343 2102 habe
1360 2072 1395 2104 ich
1414 2072 1441 2099 in
1459 2072 1505 2098 der
1524 2070 1724 2103 125-Iahrfeier
1743 2079 1790 2101 zur

971 2103 1147 2138 Erinnerung
1165 2113 1200 2133 an
1219 2106 1305 2139 Genfs
1323 2105 1438 2133 Eintritt
1456 2104 1483 2132 in
1502 2105 1549 2133 den
1567 2105 1648 2133 Bund
1666 2106 1711 2133 der
1729 2105 1791 2133 Eid-

970 2139 1088 2172 genossen
1110 2139 1282 2174 beigewohnt.
1312 2141 1348 2168 Es
1369 2146 1427 2168 war
1447 2139 1504 2167 eine
1525 2139 1601 2172 Feier
1620 2144 1671 2167 von
1692 2139 1791 2172 ergrei¬

972 2174 1061 2205 fender
1085 2174 1234 2207 Schönheit.
1258 2175 1337 2208 Basel
1360 2176 1414 2202 und
1437 2173 1516 2206 Gens!
1541 2173 1652 2201 Wieviel
1677 2174 1791 2207 gemcin-

971 2202 1040 2240 fanie
1063 2208 1135 2242 Züge
1160 2209 1226 2242 lesen
1251 2210 1304 2238 wir
1329 2210 1387 2242 doch
1412 2209 1448 2236 im
1473 2208 1568 2241 Antlitz
1594 2208 1675 2240 dieser
1700 2208 1791 2236 beiden

970 2243 1209 2277 Schwcizcrstädte!
1236 2244 1318 2272 Beide
1343 2244 1440 2277 reichen
1467 2243 1495 2270 in
1520 2243 1596 2275 ihren
1621 2243 1791 2274 Fundamen¬

972 2281 1013 2306 ten
1034 2278 1062 2305 in
1082 2278 1122 2305 die
1141 2279 1263 2311 römische
1280 2279 1339 2311 Zeit
1356 2277 1454 2312 zurück.
1473 2277 1553 2305 Beide
1573 2277 1628 2309 sind
1646 2277 1791 2310 ehemalige

970 2312 1170 2346 Bischvfsstädtc
1194 2316 1247 2340 nnd
1270 2319 1362 2341 ivaren
1386 2313 1490 2346 Zeugen
1512 2311 1584 2344 jener
1605 2311 1672 2345 Zeit,
1694 2312 1722 2340 in
1746 2314 1791 2340 der

970 2348 1011 2375 die
1034 2348 1114 2376 Kraft
1137 2349 1183 2376 der
1207 2348 1374 2381 lateinischen
1398 2346 1448 2375 mit
1471 2348 1528 2374 dem
1550 2346 1615 2374 Adel
1639 2348 1684 2374 der
1706 2346 1792 2379 christ-

972 2381 1052 2415 lichen
1079 2383 1180 2410 Kultur
1209 2383 1253 2416 sich
1280 2384 1436 2415 vermählte.
1464 2381 1544 2409 Beide
1573 2380 1657 2414 liegen
1684 2389 1719 2408 an
1747 2382 1792 2408 der

972 2417 1074 2449 Grenze
1094 2418 1139 2444 des
1159 2417 1270 2445 Landes.
1290 2417 1383 2445 Weder
1404 2416 1473 2448 Genf
1494 2415 1554 2448 noch
1573 2408 1651 2448 Basel
1672 2415 1727 2446 sind
1748 2417 1792 2442 da¬

971 2458 1003 2484 zu
1024 2451 1181 2484 gekommen,
1203 2452 1247 2484 sich
1269 2453 1336 2479 etwa
1357 2451 1407 2479 wie
1428 2450 1501 2479 Bern
1522 2450 1564 2477 ein
1585 2450 1690 2483 großes,
1711 2450 1792 2481 mäch-

973 2486 1040 2519 tiges
1058 2486 1243 2520 Staatsgebiet
1261 2493 1292 2519 zu
1311 2486 1427 2519 schassen.
1444 2484 1514 2512 Aber
1532 2484 1603 2511 beide
1621 2478 1719 2517 schufen
1738 2486 1792 2512 »nd

972 2520 1100 2553 erhielten
1118 2521 1161 2554 sich
1179 2520 1219 2548 die
1236 2520 1362 2555 Freiheit.
1380 2520 1437 2547 Und
1453 2518 1532 2549 beide.
1549 2518 1619 2551 Gens
1635 2520 1689 2546 und
1704 2519 1793 2549 Basel,

972 2555 1067 2589 spüren
1095 2555 1122 2582 in
1151 2555 1226 2588 ihren
1252 2556 1435 2583 Lebensadern
1462 2555 1545 2581 etwas
1571 2558 1623 2580 von
1650 2555 1695 2581 der
1719 2553 1794 2584 Nähe

972 2590 1026 2617 und
1052 2589 1164 2623 zugleich
1191 2595 1243 2617 von
1280 2591 1324 2618 der
1352 2588 1500 2618 Weltweite
1536 2589 1581 2616 der
1608 2587 1707 2619 Meere,
1743 2588 1793 2616 mit

971 2626 1053 2652 denen
1080 2624 1111 2655 sic
1137 2624 1214 2657 durch
1240 2624 1296 2657 ihre
1322 2625 1433 2653 Ströme
1459 2622 1611 2650 verbunden
1638 2623 1701 2655 sind.
1735 2622 1793 2650 Und

972 2665 1049 2687 wenn
1073 2658 1107 2691 ich
1131 2659 1216 2691 letzten
1239 2659 1366 2692 Sonntag
1389 2658 1468 2692 sagte,
1490 2657 1540 2689 daß
1563 2657 1632 2690 Genf
1654 2658 1731 2691 durch
1753 2657 1794 2685 die

972 2693 1072 2725 Wasser
1095 2693 1177 2725 seines
1201 2694 1268 2721 Sees
1291 2696 1345 2721 und
1367 2693 1444 2723 durch
1466 2691 1507 2719 die
1530 2691 1621 2722 Rhone
1644 2691 1694 2720 >vic
1716 2692 1794 2724 durch

972 2727 1030 2755 eine
1057 2728 1221 2755 Lebensader
1248 2729 1401 2755 verbunden
1430 2725 1462 2759 sei
1491 2725 1540 2753 mit
1567 2727 1624 2753 dem
1651 2723 1800 2757 Gotthard,'

973 2762 1023 2789 mit
1050 2762 1107 2789 dem
1134 2762 1235 2795 Herzen
1262 2764 1307 2789 des
1334 2761 1446 2791 Landes,
1472 2762 1544 2787 dann
1571 2760 1632 2791 darf
1658 2760 1694 2793 ich
1719 2761 1794 2791 heute

974 2798 1061 2824 daran
1090 2795 1229 2828 erinnern,
1257 2797 1307 2828 daß
1336 2797 1397 2829 auch
1425 2794 1465 2823 die
1494 2794 1593 2827 Wastcr
1621 2796 1666 2822 des
1694 2795 1794 2823 Basler

974 2830 1077 2862 Rheins
1105 2832 1149 2859 der
1176 2831 1343 2866 Felsenbrust
1370 2832 1414 2858 des
1441 2828 1552 2863 gleichen
1579 2829 1713 2860 Gotthard
1740 2830 1794 2857 ent¬

975 2866 1097 2898 strömen.
1116 2866 1251 2897 Gotthard
1271 2867 1334 2893 aber
1353 2865 1424 2899 heißt
1447 2864 1490 2896 für
1509 2866 1572 2891 »ns:
1595 2863 1722 2896 Freiheit.
1743 2864 1794 2891 Un¬

973 2900 1166 2933 abhängigkeit,
1198 2900 1343 2934 bündische,
1374 2898 1565 2933 eidgenössische
1597 2898 1795 2930 Gemeinschaft,

974 2934 1092 2968 Freiheit
1125 2936 1169 2962 der
1200 2927 1338 2969 Atrnschen
1370 2936 1424 2962 und
1456 2932 1573 2965 Freiheit
1604 2933 1649 2960 des
1680 2933 1793 2961 Landes!

975 2971 1055 3002 Möge
1090 2969 1159 3003 Ihre
1196 2970 1358 3003 Universität
1395 2969 1423 2997 in
1461 2967 1535 3000 ihren
1573 2974 1665 2997 neuen,
1702 2966 1793 2999 lichten

974 3005 1096 3032 Räumen
1115 3004 1251 3038 Trägerin
1272 3007 1326 3032 nnd
1344 3001 1483 3033 Künderin
1503 3002 1583 3036 dieses
1602 3002 1675 3029 alten
1696 3001 1792 3036 schwei¬

974 3038 1100 3073 zerischen
1125 3039 1226 3073 Geistes
1252 3039 1316 3074 fein!

1023 3090 1149 3122 Nachdem
1170 3089 1247 3124 Prof.
1268 3090 1317 3118 Dr.
1337 3089 1430 3118 Victor
1451 3086 1609 3117 Martin,
1630 3087 1724 3114 Rektor
1746 3087 1789 3114 der

972 3127 1132 3160 Universität
1154 3129 1233 3159 Genf,
1253 3128 1281 3155 in
1303 3128 1386 3162 seiner
1408 3126 1566 3160 Eigenschaft
1587 3127 1631 3152 als
1650 3125 1791 3158 Präsident

972 3168 1017 3194 der
1058 3166 1272 3200 schiveizerischen
1312 3164 1712 3200 Hochschnlrektorcnkonscrcnz.
1750 3163 1790 3191 die

972 3204 1167 3239 Glückwünsche
1199 3207 1243 3233 der
1277 3204 1490 3239 schiveizerischen
1521 3202 1791 3237 Schwcsterunivcrsi-

974 3245 1045 3271 täte»
1078 3245 1239 3278 überbracht,
1273 3244 1352 3278 solgte
1384 3243 1424 3271 die
1458 3242 1604 3275 Ucbergnbc
1635 3240 1791 3274 zahlreicher

973 3282 1286 3316 GratulationSadrcssc»
1328 3283 1382 3310 und
1422 3280 1462 3308 die
1501 3279 1709 3314 Verkündigung
1748 3280 1791 3306 der

973 3320 1260 3355 Ehrenpromotionen.
1290 3322 1327 3349 Es
1347 3321 1457 3349 wurden
1478 3327 1509 3353 zu
1532 3319 1661 3346 Doktoren
1683 3321 1791 3346 bonori;

974 3367 1069 3388 causac
1107 3360 1233 3387 ernannt:
1270 3361 1330 3388 Von
1369 3360 1413 3387 der
1449 3357 1634 3391 theologische»
1670 3356 1791 3391 Fakultät

974 3398 1088 3432 Pfarrer
1116 3399 1199 3427 Lukas
1229 3398 1316 3433 Christ
1346 3396 1506 3433 (Prattcln),
1542 3395 1616 3429 Pros.
1646 3396 1692 3423 Ed.
1720 3395 1790 3423 Gri»

976 3436 1147 3469 (Lausanne).
1174 3437 1288 3470 Pfarrer
1316 3437 1348 3466 R.
1374 3436 1485 3469 Lejennc
1514 3434 1642 3468 (Zürich!;
1668 3439 1720 3462 von
1748 3435 1791 3460 der

974 3473 1133 3509 juristischen
1159 3475 1280 3507 Fnknltät
1306 3475 1381 3508 Prof.
1407 3475 1435 3502 E.
1460 3474 1490 3507 I.
1513 3473 1676 3506 Burckhardt
1700 3472 1791 3505 (Gens-

974 3513 1102 3547 Danzig),
1137 3513 1355 3547 Hochkommissär
1391 3515 1435 3541 des
1471 3511 1678 3542 Bölkcrbnndcs,
1716 3511 1791 3539 Hans

974 3552 1156 3586 Lichtrnhahn,
1175 3553 1360 3587 Buchhändler
1380 3551 1407 3579 in
1427 3551 1514 3583 Basel,
1533 3550 1609 3583 Pros.
1628 3550 1673 3577 Ed.
1693 3549 1790 3583 Fischer

976 3591 1084 3622 (Bern),
1107 3590 1183 3624 Pros.
1205 3591 1237 3625 H.
1259 3594 1291 3619 K.
1312 3590 1434 3623 Corning
1458 3589 1534 3621 (New
1556 3589 1647 3623 Hork);
1670 3593 1723 3615 von
1747 3589 1791 3614 der

974 3628 1202 3663 Philosophische»
1237 3630 1358 3661 Fakultät
1384 3631 1393 3657 I
1428 3627 1551 3657 Direktor
1586 3627 1662 3660 Hans
1695 3626 1793 3660 Münch

977 3666 1089 3700 (Basel).
1109 3670 1153 3696 l)r.
1175 3671 1242 3697 mcd.
1261 3669 1330 3701 Bach
1349 3667 1520 3699 (Lausanne):
1539 3671 1590 3693 von
1610 3666 1654 3693 der
1673 3665 1791 3698 Philoso¬

976 3705 1091 3739 phischen
1110 3705 1232 3740 Fakultät
1251 3709 1273 3735 II
1292 3706 1368 3740 Pros.
1385 3706 1458 3734 Dörr
1479 3704 1590 3737 (Basel).
1607 3703 1791 3737 Anschließend

974 3745 1104 3772 ernannte
1127 3746 1170 3772 der
1194 3745 1287 3773 Rektor
1309 3747 1352 3772 der
1375 3742 1535 3777 Universität
1558 3742 1694 3775 Lausanne
1717 3742 1791 3775 Pros.

975 3783 1023 3811 Dr.
1048 3782 1147 3816 August
1172 3784 1287 3817 Bnrtvrs
1314 3783 1415 3816 (Basel)
1439 3789 1499 3815 zum
1523 3781 1710 3813 Ehrendoktor.
1742 3780 1791 3808 Die

976 3820 1051 3853 Feier
1072 3821 1152 3854 sck>lvst
1172 3821 1221 3849 mit
1240 3822 1269 3856 I.
1290 3822 1322 3850 S.
1343 3822 1427 3856 Bachs
1447 3820 1572 3848 Kantate:
1593 3819 1672 3851 „Nun
1694 3818 1723 3853 ist
1744 3820 1790 3846 das

974 3859 1033 3894 Heil
1054 3861 1107 3887 nnd
1126 3860 1165 3887 die
1185 3861 1289 3894 Kraft'.

1882 535 2235 586 Schweizerische
2258 535 2569 585 Spanienhilfe

1866 609 1918 638 Die
1955 611 2258 645 Schweizerische
2295 609 2631 644 Arbeitsgemein-

1816 643 1925 677 schaft
1956 645 2017 677 für
2047 644 2366 678 Spanicnkinder
2397 644 2454 671 teilt
2486 650 2539 672 uns
2570 646 2630 673 mit:

1868 696 1935 723 Was
1971 696 2052 728 leistet
2090 698 2139 724 das
2177 695 2373 730 schweizerische
2408 696 2552 728 Hilsswerk
2588 698 2632 727 für

1818 728 2034 761 Spanienkinder
2061 732 2143 762 heute,
2172 737 2214 759 wo
2242 733 2287 758 der
2316 730 2397 764 Krieg
2425 738 2456 764 zu
2485 733 2557 759 Ende
2584 732 2631 763 ist?

1817 766 1831 790 4
1842 766 1884 789 60
1902 767 1943 790 00
1953 765 1968 797 0
1999 765 2185 798 spanische
2214 764 2457 800 Flüchtlinge
2486 766 2632 799 vegetieren

1818 798 1878 830 noch
1901 797 1996 826 immer
2018 799 2054 832 in
2078 799 2358 833 französischen
2382 800 2535 832 Lagern.
2558 800 2633 828 Viele

1817 837 1869 859 von
1889 831 1967 864 ihnen
1989 836 2070 865 haben
2091 835 2134 863 seit
2155 836 2220 862 über
2238 834 2296 861 vier
2314 834 2447 862 Monaten
2467 836 2513 861 de»
2533 835 2632 866 Draht¬

1818 868 1917 897 verhau
1936 867 2001 899 nicht
2019 869 2155 899 verlassen.
2182 869 2231 897 Sie
2247 870 2350 896 warten
2370 868 2397 895 in
2416 869 2551 901 trostloser
2568 871 2632 897 Vcr-

1819 900 1952 933 lassenheit
1971 902 2017 934 ans
2035 902 2075 929 die
2092 902 2268 937 Möglichkeit,
2286 902 2314 929 in
2335 902 2391 933 ihre
2410 903 2515 931 Heimat
2533 904 2633 937 zurück-

1817 935 1942 968 zukehre»
1971 939 2033 963 oder
2060 939 2120 969 nach
2148 938 2268 969 »ebersee
2294 938 2520 971 ausznwandern.
2555 939 2632 969 Wohl

1818 970 1883 996 über
1915 972 1978 996 >00
1995 974 2062 998 000
2090 971 2234 999 Kinder
2264 971 2320 1003 sind
2341 971 2424 998 dabei.
2454 971 2506 999 Die
2527 972 2633 1004 meisten

1817 1009 1869 1030 von
1896 1003 1974 1035 ihnen
2001 1005 2055 1036 sind
2080 1005 2125 1037 feit
2152 1006 2207 1033 drei
2232 1007 2338 1039 Jahren
2364 1006 2410 1038 aus
2436 1008 2481 1033 der
2505 1008 2633 1034 Wander¬

1818 1037 1892 1070 schaft
1916 1040 1969 1065 und
1992 1040 2074 1070 haben
2099 1040 2124 1071 so
2145 1040 2295 1073 allmählich
2316 1041 2409 1068 Ellern
2433 1042 2487 1067 und
2509 1041 2633 1073 Geschwi¬

1819 1072 1868 1105 ster
1888 1074 2020 1100 verloren.
2051 1074 2109 1101 Wie
2131 1074 2198 1102 viele
2219 1075 2307 1107 wissen
2331 1074 2406 1106 ihren
2429 1076 2532 1102 Namen
2556 1075 2632 1108 nicht!

1869 1115 1939 1144 Die
1972 1117 2130 1150 Schweiz
2165 1117 2279 1150 Hilst!
2315 1117 2418 1145 Unweit
2444 1123 2496 1145 von
2522 1120 2635 1151 ArgelcS

1820 1148 1859 1176 bei
1884 1150 2052 1183 Perpignan.
2076 1151 2161 1179 einem
2187 1154 2269 1186 Lager
2294 1157 2345 1179 von
2372 1155 2404 1179 60
2414 1155 2465 1178 000
2489 1154 2635 1186 Menschen,

1821 1183 1882 1215 steht
1917 1184 1957 1211 die
1989 1196 2030 1215 „in
2042 1188 2213 1214 atcrnitc
2246 1189 2301 1214 sui
2314 1198 2345 1215 ss
2356 1189 2395 1217 c“,
2428 1187 2455 1213 in
2491 1188 2535 1215 der
2569 1189 2635 1215 etwa

1820 1217 1921 1251 vierzig
1940 1219 2018 1252 junge
2036 1219 2241 1252 Spanierinnen
2260 1222 2304 1247 der
2322 1222 2423 1248 Geburt
2444 1221 2517 1253 ihres
2535 1222 2635 1250 Kindes

1820 1252 2049 1285 entgegenblicken.
2080 1255 2120 1287 I»
2145 1255 2178 1282 St
2193 1256 2310 1289 Cergucs
2333 1255 2372 1282 bei
2394 1256 2463 1289 Gens
2487 1257 2582 1289 Hansen
2607 1256 2634 1283 in

1820 1287 1894 1313 einer
1938 1289 2149 1327 schweizerischen
2194 1294 2214 1317 K
2227 1298 2234 1316 >
2248 1297 2263 1317 n
2275 1293 2289 1316 d
2301 1297 2312 1316 e
2323 1297 2337 1316 r
2347 1292 2357 1317 k
2369 1298 2383 1317 o
2394 1293 2402 1316 l
2414 1298 2429 1317 o
2440 1298 2456 1317 »
2469 1298 2476 1317 >
2489 1298 2500 1317 e
2545 1291 2636 1325 sechzig

1820 1320 1901 1348 kleine
1923 1321 2189 1361 Flüchtlingskinder.
2220 1324 2273 1357 Auf
2296 1324 2388 1356 Kosten
2411 1326 2456 1352 der
2478 1325 2635 1358 Schweizer-

1822 1354 1885 1388 Hilfe
1902 1358 1971 1382 wird
1990 1356 2017 1383 in
2035 1356 2119 1385 einem
2137 1358 2279 1392 ärmlichen
2296 1360 2496 1393 Bauerngehöst
2516 1359 2543 1387 in
2563 1360 2636 1388 einer

1822 1390 2039 1423 incnscheiileereu
2074 1393 2179 1425 Gegend
2213 1395 2258 1420 der
2291 1394 2425 1425 Provence
2459 1399 2510 1421 von
2546 1394 2636 1427 sechzig

1822 1424 1919 1457 jungen
1957 1425 2087 1459 Burschen
2125 1427 2166 1453 ein
2204 1429 2211 1454 I
2223 1435 2238 1454 a
2250 1435 2265 1454 n
2278 1428 2293 1453 d
2303 1434 2327 1454 >v
2339 1427 2347 1454 i
2359 1435 2373 1454 r
2384 1428 2391 1454 t
2404 1428 2412 1460 s
2423 1429 2447 1459 ch
2458 1436 2473 1454 a
2486 1429 2494 1460 s
2505 1429 2513 1455 t
2526 1430 2533 1455 l
2546 1428 2554 1455 i
2566 1431 2589 1460 ch
2601 1437 2611 1456 e
2624 1437 2636 1456 r

1821 1459 1886 1486 Bet
1900 1459 1981 1486 rieb
2007 1462 2086 1488 unter
2104 1461 2250 1495 Schiveizer
2268 1461 2378 1495 Leitung
2395 1463 2509 1496 geführt.
2526 1465 2563 1491 Es
2581 1465 2635 1496 sind

1821 1491 1862 1519 die
1889 1493 2032 1527 Vierzehn-
2061 1495 2103 1522 bis
2132 1496 2392 1529 Achtzehnjährige»,
2422 1497 2462 1524 die
2493 1497 2519 1524 in
2551 1498 2635 1526 keiner

1822 1527 1935 1555 Kolonie
1953 1530 2026 1561 mehr
2041 1537 2072 1569 zu
2089 1531 2178 1559 halte»
2195 1531 2250 1563 sind
2268 1533 2321 1557 nnd
2338 1531 2378 1558 die
2395 1531 2422 1558 in
2441 1533 2488 1559 de»
2505 1533 2637 1560 Männer-

1823 1564 1915 1594 lagern
1943 1563 1990 1595 fast
2017 1565 2064 1590 mit
2091 1564 2285 1595 Bestimmtheit
2312 1568 2447 1598 zugrunde
2474 1568 2561 1599 gehen.
2595 1568 2635 1600 In

1823 1595 1906 1628 diesen
1941 1597 2031 1630 Tage»
2066 1598 2186 1629 eröisnen
2221 1599 2275 1627 wir
2310 1602 2375 1629 »alle
2411 1602 2455 1627 der
2492 1601 2636 1634 spanischen

1822 1631 1923 1663 Grenze
1946 1631 2003 1659 eine
2025 1633 2066 1662 „D
2078 1641 2094 1659 u
2106 1641 2119 1660 r
2130 1635 2154 1666 ch
2165 1642 2180 1667 g
2190 1642 2205 1660 a
2218 1642 2233 1661 »
2245 1641 2260 1667 g
2272 1642 2285 1660 s
2296 1635 2306 1660 k
2317 1642 2331 1660 o
2343 1636 2349 1660 l
2363 1642 2377 1661 o
2388 1643 2403 1661 n
2417 1634 2424 1661 i
2436 1637 2463 1662 e'
2486 1636 2535 1663 mit
2557 1644 2635 1669 gegen

1821 1664 2001 1698 Zweihundert
2022 1667 2151 1695 Kindern.
2183 1668 2266 1696 Dabei
2289 1668 2343 1701 sind
2364 1669 2430 1696 viele
2452 1670 2637 1701 Pntenkinder,

1822 1700 1912 1733 welche
1949 1700 2018 1733 schon
2056 1701 2084 1729 in
2120 1703 2282 1731 Katalonien
2322 1703 2349 1730 in
2386 1704 2636 1737 Schweizerheimen

1824 1733 1980 1769 Unterknnft
1999 1736 2128 1769 gefunden
2147 1738 2239 1768 haben.
2267 1737 2327 1765 Wir
2345 1740 2449 1765 werden
2470 1738 2553 1771 diesen
2573 1739 2637 1767 Kin¬

1824 1770 1887 1795 dern
1916 1775 1957 1796 wo
1987 1769 2083 1798 immer
2111 1771 2221 1805 möglich
2250 1772 2343 1805 helfen,
2371 1773 2418 1799 den
2447 1774 2558 1800 Kontakt
2588 1774 2635 1801 mit

1823 1802 1916 1830 Eltern
1937 1805 1998 1831 oder
2017 1806 2118 1832 ander»
2139 1806 2319 1834 Verwandten
2339 1806 2366 1833 in
2386 1807 2509 1840 Spanien
2529 1808 2637 1835 wieder-

1822 1836 1946 1870 znsinden
1969 1840 2023 1865 und
2045 1840 2077 1872 sie
2098 1840 2148 1867 mit
2170 1840 2242 1872 Hilfe
2262 1840 2370 1873 unserer
2392 1842 2470 1880 guten
2492 1842 2637 1875 Bezichun-

1823 1878 1870 1909 gen
1892 1879 1924 1904 zu
1946 1874 1992 1900 den
2014 1874 2153 1904 Behörden
2175 1876 2221 1906 ans
2243 1875 2332 1902 beiden
2355 1876 2448 1903 Seiten
2470 1878 2515 1904 der
2536 1878 2637 1910 Grenze

1825 1905 1899 1933 ihren
1924 1908 2103 1935 Verwandte»
2128 1909 2301 1943 znzuführen,
2326 1911 2445 1942 nachdem
2472 1911 2503 1942 sie
2530 1912 2573 1944 sich
2598 1912 2637 1939 bei

1824 1943 1877 1967 uns
1899 1943 2005 1973 erhole»
2028 1943 2143 1973 dursten.
2175 1944 2226 1972 Die
2249 1944 2350 1972 Kinder
2372 1946 2417 1971 der
2439 1946 2551 1973 Kolonie
2573 1953 2638 1973 wer¬

1825 1976 1872 2001 den
1892 1975 1917 2007 so
1938 1976 1974 2007 oft
1994 1977 2123 2010 wechseln,
2143 1980 2187 2005 als
2207 1978 2323 2012 einzelne
2342 1979 2471 2012 Gruppen
2492 1980 2532 2008 die
2551 1980 2638 2014 Heim¬

1826 2007 1889 2041 reise
1909 2011 1990 2040 habe»
2011 2013 2133 2039 antrcten
2155 2014 2263 2041 können.

1874 2044 1925 2071 Als
1968 2046 2051 2077 letztes
2092 2047 2289 2080 ausländische?
2330 2047 2473 2081 Hilsswerk
2514 2050 2557 2081 hat
2599 2049 2639 2076 die

1825 2076 2038 2112 Schweizerhilfe
2063 2080 2100 2107 im
2127 2081 2189 2109 Mai
2216 2081 2329 2110 Madrid
2357 2083 2493 2115 verlassen,
2520 2084 2639 2118 nachdem

1826 2112 1917 2145 unsere
1935 2114 2110 2142 Mitarbeiter
2127 2118 2178 2143 alle
2195 2117 2312 2144 Vorräte
2329 2124 2363 2143 an
2383 2117 2423 2144 die
2441 2118 2575 2149 Aermsteu
2595 2120 2640 2146 der

1825 2147 2007 2182 Bevölkerung
2031 2149 2174 2183 ansgetcilt
2198 2152 2296 2183 hatten.
2329 2152 2366 2178 Es
2391 2153 2472 2182 haben
2499 2152 2535 2179 in,
2559 2152 2639 2186 April

1826 2182 1885 2215 noch
1905 2182 2102 2217 Zehntanscnde
2123 2186 2167 2211 der
2188 2186 2445 2218 halbverhungerten
2466 2187 2638 2215 Madrilcnen

1825 2220 1876 2243 von
1902 2217 1947 2248 der
1972 2220 2086 2252 „Ayuda
2112 2221 2207 2253 Sima“
2234 2219 2380 2253 profitiert.
2414 2220 2504 2249 Leider
2530 2222 2585 2255 gibt
2612 2228 2639 2249 es

1826 2250 1900 2281 heute
1920 2251 1964 2283 für
1983 2252 2024 2279 ein
2044 2253 2241 2287 ausländisches
2262 2254 2404 2286 Hilsswerk
2424 2255 2493 2283 keine
2512 2256 2640 2290 Möglich,

1825 2284 1871 2312 keit
1896 2287 1977 2317 mehr,
1999 2287 2079 2314 unter
2100 2289 2242 2322 Wahrung
2265 2288 2338 2316 einer
2361 2289 2480 2322 gewissen
2504 2291 2640 2323 Selbstän-

1827 2318 1918 2351 digkeit
1938 2320 1964 2347 in
1982 2321 2105 2353 Spanien
2123 2330 2155 2355 zu
2171 2323 2299 2350 arbeite».
2316 2325 2397 2355 Zwar
2415 2325 2471 2357 hält
2489 2325 2529 2352 die
2547 2325 2641 2352 bittere

1825 2354 1923 2381 Armut
1957 2354 2057 2389 infolge
2087 2358 2133 2383 der
2164 2358 2401 2390 Geldentivertuug
2435 2359 2484 2390 (oft
2517 2361 2641 2392 hundert¬

1828 2388 1987 2422 prozentig).
2022 2389 2122 2424 infolge
2157 2397 2207 2419 von
2243 2392 2469 2426 Arbeitslosigkeit
2506 2396 2559 2421 und
2594 2403 2641 2421 an-

1828 2424 1976 2451 dauernder
2005 2425 2334 2459 Lebensmittelknappheit
2365 2428 2414 2454 das
2444 2428 2566 2462 Gespenst
2597 2430 2642 2456 des

1827 2457 1951 2489 Hungers
1978 2461 2038 2491 noch
2065 2459 2161 2487 immer
2187 2461 2214 2488 in
2242 2461 2365 2493 Spanien
2394 2462 2521 2496 lebendig.
2556 2464 2640 2492 Wenn

1827 2491 1867 2518 die
1895 2489 2088 2526 schweizerische
2114 2495 2406 2529 Arbeitsgemeinschaft
2435 2497 2478 2529 für
2504 2497 2641 2531 Spanien-

1827 2526 1916 2553 kinder
1945 2527 2001 2560 ihre
2030 2529 2208 2562 Wirksamkeit
2239 2537 2294 2558 nun
2325 2532 2383 2565 doch
2412 2532 2458 2565 ans
2487 2533 2642 2567 Frankreich

1827 2561 2011 2594 konzentriert,
2035 2563 2061 2595 so
2083 2565 2122 2591 tnt
2147 2565 2179 2597 sie
2200 2568 2237 2595 cs.
2258 2564 2319 2593 weil
2342 2566 2373 2597 sie
2396 2573 2449 2593 nur
2471 2567 2530 2594 dort
2554 2567 2641 2601 eigene

1828 2595 1974 2629 Schiveizer
1999 2597 2089 2625 Werke
2117 2598 2211 2631 führen
2240 2601 2316 2629 kann,
2344 2599 2392 2630 die.
2419 2605 2496 2628 wen»
2524 2604 2585 2636 and)
2614 2602 2641 2630 i»

1828 2637 1894 2663 ganz
1921 2631 2056 2670 geringem
2083 2633 2174 2666 Maße,
2200 2635 2285 2662 davon
2313 2642 2418 2668 zeugen,
2444 2636 2494 2668 daß
2523 2636 2567 2670 sich
2594 2637 2642 2664 das

1828 2664 2032 2699 Schweizervolk
2055 2668 2129 2698 heute
2152 2668 2201 2696 wie
2222 2670 2302 2697 Anno
2328 2671 2399 2699 >920.
2422 2670 2472 2697 wie
2496 2670 2591 2698 immer
2614 2671 2641 2699 in

1829 2699 1913 2732 seiner
1938 2701 2078 2734 Geschichte
2105 2708 2156 2729 von
2185 2704 2230 2730 der
2257 2704 2308 2731 Not
2336 2703 2409 2731 eines
2437 2705 2643 2739 Nachbarvolkes

1822 2732 1895 2766 nicht
1914 2736 2059 2766 abwrndet,
2079 2736 2190 2768 sondern
2211 2737 2348 2772 tatkräftig
2368 2738 2501 2772 cingreist.
2530 2741 2566 2768 Es
2585 2740 2644 2774 gilt,

1828 2766 1992 2799 die,Kinder
2013 2778 2045 2804 zu
2068 2772 2160 2799 retten.

1879 2803 1937 2830 Alle
1964 2804 2055 2832 Gabe»
2085 2807 2188 2834 werden
2218 2807 2333 2835 dankliar
2361 2808 2643 2842 cntgegengenommen

1828 2836 1875 2869 auf
1890 2838 2102 2872 Postscheckkonto
2113 2843 2177 2869 VIII
2198 2844 2286 2872 13149,
2304 2843 2512 2877 Schweizerische
2523 2844 2643 2872 ArbeitS-

1828 2870 2008 2907 gemcinschaft
2030 2874 2074 2908 für
2094 2875 2318 2909 Spanicnkinder.
2337 2876 2439 2912 Zürich.

2103 2945 2369 3001 Kantone

2170 3033 2295 3069 Zürich

1878 3082 2205 3120 Bezirksschulpslrge
2234 3086 2359 3120 Zürich.
2392 3089 2409 3120 §
2440 3086 2491 3115 Tic
2520 3088 2640 3121 Bezirks-

1828 3119 1980 3155 schnlpflegc
1999 3123 2093 3157 Zürich
2114 3125 2157 3156 hat
2179 3132 2222 3152 ain
2242 3124 2351 3159 Freitag
2371 3126 2449 3152 »nler
2469 3127 2524 3153 dem
2544 3127 2640 3160 Vorsitz

1828 3158 1901 3190 ihres
1917 3160 2101 3194 Präsidenten,
2115 3170 2139 3190 a.
2156 3163 2340 3197 Statthalters
2356 3164 2448 3194 Süsli.
2464 3164 2521 3196 ihre
2535 3166 2639 3192 ordent¬

1829 3196 1889 3230 liche
1914 3198 2162 3234 Frühjahrssitznng
2185 3203 2349 3236 abgehalten.
2379 3202 2430 3230 Tie
2453 3203 2571 3236 Berichte
2596 3205 2640 3230 der

1829 3236 1930 3270 fünfzig
1951 3238 2109 3271 Mitglieder
2131 3240 2196 3268 über
2218 3240 2258 3268 die
2279 3240 2461 3275 Lehrerschaft,
2484 3241 2524 3268 die
2544 3242 2575 3274 sic
2596 3243 2640 3269 als

1828 3274 1992 3307 Visitatoren
2019 3285 2050 3310 zu
2077 3279 2273 3313 beaussichtigen
2302 3280 2393 3310 haben,
2430 3279 2564 3312 enthalten
2593 3280 2639 3312 fast

1828 3313 1962 3349 durchiveg
1987 3316 2113 3350 günstige,
2138 3324 2198 3351 znin
2225 3317 2323 3351 großen
2350 3317 2409 3345 Teil
2437 3318 2493 3350 selir
2518 3319 2639 3345 anerken¬

1828 3354 1910 3380 nende
1934 3354 2033 3382 Urteile
2066 3356 2130 3383 über
2161 3356 2201 3383 die
2223 3355 2352 3389 Tätigkeit
2384 3357 2428 3383 der
2461 3357 2555 3389 Lehrer
2586 3358 2639 3384 nnd

1828 3391 2007 3422 Lehrerinnen
2033 3395 2086 3421 und
2115 3394 2155 3422 die
2183 3394 2334 3428 Leistungen
2363 3395 2407 3422 der
2435 3394 2559 3428 Primär-
2586 3396 2639 3422 nnd

1828 3429 2069 3465 Sekundarschulen
2094 3434 2138 3460 des
2162 3433 2295 3467 Bezirkes;
2319 3432 2475 3467 desgleichen
2499 3433 2638 3461 verdienen

1828 3467 1869 3495 die
1891 3469 2195 3506 Gemeindeschnpslrge»
2219 3473 2273 3499 und
2297 3471 2353 3504 ihre
2377 3471 2508 3506 Fürsorge
2534 3472 2575 3504 für
2599 3471 2639 3499 die

1828 3508 1923 3540 schule
1945 3509 2074 3537 dankbare
2096 3511 2298 3543 Anerkennung.
2330 3511 2369 3543 In
2393 3509 2465 3537 einer
2487 3510 2637 3542 Disknssion

1828 3547 1891 3572 über
1919 3546 1959 3574 die
1986 3548 2185 3582 Privatschulen
2214 3550 2301 3577 kamen
2328 3550 2405 3576 deren
2433 3548 2637 3581 Schaltcnseitcn

1829 3584 1896 3618 nicht
1913 3586 2031 3620 weniger
2046 3594 2095 3620 zur
2112 3588 2228 3622 Sprache
2242 3589 2286 3615 al»
2303 3587 2346 3616 ihr
2361 3587 2639 3615 nncrkcnncnSwertes

1828 3623 1934 3652 Wirken
1962 3632 2010 3658 zur
2038 3626 2195 3660 Förderung
2222 3627 2293 3657 ihrer
2322 3626 2439 3659 Schüler,
2467 3625 2507 3653 die
2533 3625 2639 3658 vielfach

1829 3669 1883 3690 nur
1917 3663 2007 3696 schwer
2040 3666 2101 3692 oder
2133 3672 2181 3699 gar
2215 3665 2280 3698 nicht
2314 3671 2374 3697 znm
2407 3664 2536 3697 gesteckte»
2568 3662 2640 3697 Ziele

1829 3703 1946 3736 gebracht
1968 3704 2072 3730 werden
2096 3704 2195 3731 können
2219 3704 2272 3731 nnd
2297 3703 2340 3736 sich
2363 3702 2390 3730 in
2413 3704 2457 3729 der
2478 3701 2639 3734 Volksschule

1830 3739 1897 3773 nicht
1910 3741 1956 3773 aus
1973 3743 2017 3769 der
2032 3741 2142 3776 gleichen
2159 3742 2239 3776 Stufe
2256 3742 2343 3775 Hallen
2361 3741 2480 3769 könnten.
2496 3740 2554 3769 Wie
2569 3740 2638 3773 schon

1828 3778 1993 3813 wiederholt,
2012 3780 2080 3808 wird
2100 3780 2149 3809 mit
2167 3782 2222 3808 dem
2240 3778 2438 3815 Jahresbericht
2459 3780 2503 3806 der
2521 3778 2639 3812 Bezirks-

1830 3818 1983 3853 schulpslege
1999 3827 2032 3847 an
2051 3821 2098 3847 den
2118 3818 2328 3854 Erzichnngsrat
2347 3817 2386 3845 die
2404 3818 2561 3851 Forderung
2580 3817 2640 3850 »ach

1829 3857 1874 3885 der
1903 3857 2033 3891 dringend
2060 3857 2244 3892 nvtwendigc»
2272 3856 2570 3890 Neugestaltung
2595 3856 2640 3882 der

2667 500 2748 532 Stufe
2776 500 2821 531 des
2853 499 3051 531 siebenten
3085 495 3127 522 bis
3158 497 3324 523 neunten
3356 498 3481 531 Schul-

2666 539 2799 572 jahres
2834 537 3037 569 (Oberprima»
3071 535 3125 561 und
3157 534 3391 568 Sekundarschule)
3425 542 3482 562 ver¬

2667 578 2779 604 bunden.
2804 590 2836 594 —
2859 577 2900 609 Zu
2924 578 2971 602 den
2997 572 3146 607 Geschäften
3174 573 3219 599 der
3243 573 3354 607 Sitzung
3377 575 3483 606 gehörte

2667 616 2728 648 auch
2748 615 2788 642 die
2809 615 2854 646 für
2874 614 2937 647 zwei
2958 614 3046 647 Jahre
3066 612 3185 645 gellende
3206 612 3416 645 Neuverteilung
3438 614 3482 639 der

2669 653 2844 685 Schulhäuscr
2863 655 2917 679 und
2935 652 3088 683 Lehrstellen
3108 650 3188 676 »nler
3206 650 3246 676 die
3264 650 3423 683 Mitglieder
3439 653 3482 678 als

2668 692 2841 724 Visitatoren.
2859 692 2950 722 Außer
2966 693 3013 717 den
3032 688 3195 723 zahlreichen
3214 689 3317 720 Klassen
3337 691 3383 715 der
3402 690 3483 717 Stadt

2669 730 2764 764 Zürich
2782 731 2888 761 handelt
2908 732 2935 756 es
2953 729 2997 762 sich
3015 736 3060 755 um
3081 727 3121 754 die
3140 726 3302 753 Gemeinden
3321 728 3404 761 Aesch,
3420 728 3484 755 Bir-

2670 769 2814 800 mensdors,
2834 768 2947 797 Ilitikon,
2969 766 3077 797 llrdors.
3096 764 3229 794 Dielikon.
3250 765 3395 797 Schlieren.
3416 767 3485 799 Eng-

2671 806 2795 841 stringc»,
2830 806 2998 839 Meiningen,
3033 803 3323 834 Oetwil-Geroldswil.
3357 804 3484 837 Zollikon.

3015 881 3145 915 Luzern

2788 936 2862 964 Vor
2896 938 2960 963 den
2994 934 3110 963 Stadt
3122 940 3162 960 ra
3174 934 3295 967 tswah
3307 936 3315 961 l
3327 942 3366 961 en

2722 988 2782 1016 Wir
2807 990 2911 1015 werden
2937 990 2988 1014 au?
3014 985 3121 1018 Kreisen
3149 986 3194 1012 des
3220 985 3417 1018 Landcsringes
3444 987 3489 1013 der

2671 1023 2879 1056 Unabhängigen
2904 1022 3000 1050 daraus
3023 1019 3198 1054 aufmerksam
3223 1021 3345 1052 gemacht,
3370 1021 3421 1051 daß
3445 1020 3490 1051 sich

2670 1057 2845 1085 Nationalrat
2880 1058 2902 1084 S
2914 1057 2938 1088 ch
2949 1064 2965 1083 n
2976 1062 2991 1085 h
3003 1057 3017 1082 d
3028 1064 3040 1082 e
3051 1064 3064 1083 r
3097 1062 3148 1081 aus
3181 1054 3276 1086 Zürich
3309 1055 3346 1081 im
3379 1055 3489 1087 Zusam-

2673 1093 2806 1126 menhang
2827 1091 2876 1118 mit
2898 1093 2946 1118 den
2968 1091 3080 1122 Wahlen
3112 1088 3203 1121 nicht
3236 1089 3298 1121 nach
3320 1089 3421 1121 Luzern
3450 1090 3490 1116 be¬

2673 1128 2751 1159 geben
2774 1127 2837 1158 habe
2861 1127 2955 1158 (vcrgl.
2976 1125 3024 1152 Nr.
3049 1124 3112 1150 1032
3134 1129 3195 1150 vom
3217 1124 3241 1150 8.
3264 1123 3358 1157 Juni).

2984 1187 3040 1217 St.
3052 1186 3180 1215 Mallen

2723 1242 2767 1269 St.
2777 1242 2881 1271 Gallen,
2904 1242 2927 1268 9.
2949 1240 3029 1273 Juni.
3052 1242 3088 1273 <£R>
3110 1239 3165 1266 Der
3187 1238 3309 1272 Chefarzt
3332 1240 3376 1266 der
3399 1239 3490 1268 Ghnä-

2673 1276 2827 1309 kologischcn
2858 1275 3003 1308 Abteilung
3035 1275 3089 1302 und
3122 1275 3166 1298 der
3199 1274 3491 1307 Entbindungsanstalt

2675 1313 2718 1338 des
2736 1312 2756 1338 K
2768 1319 2783 1337 a
2795 1319 2811 1337 n
2823 1312 2831 1337 t
2843 1318 2857 1336 o
2868 1318 2884 1337 n
2896 1314 2909 1337 s
2921 1310 2929 1343 s
2941 1315 2956 1341 p
2968 1310 2976 1336 i
2987 1311 2995 1336 t
3007 1317 3022 1335 a
3034 1311 3042 1336 l
3053 1312 3076 1339 s,
3093 1308 3142 1335 Dr.
3153 1308 3225 1341 Paul
3243 1308 3355 1341 Jung,
3371 1310 3416 1340 hat
3434 1310 3492 1335 dem

2672 1346 2886 1378 Regicrungsrat
2911 1344 2957 1375 aus
2981 1346 3029 1371 das
3054 1344 3126 1371 Ende
3151 1344 3195 1370 des
3221 1343 3363 1373 lausenden
3387 1343 3490 1376 Jahres

2674 1380 2759 1411 seinen
2786 1380 2913 1407 Rücktritt
2945 1378 3107 1411 eingereicht.
3141 1379 3174 1404 da
3199 1385 3227 1405 er
3260 1377 3298 1404 im
3323 1378 3491 1404 kommenden

2674 1415 2764 1448 Herbst
2789 1414 2829 1442 die
2851 1415 3039 1446 Altersgrenze
3062 1411 3179 1445 erreicht.

2881 1491 3058 1545 Stadt
3085 1488 3283 1554 Zürich

2851 1575 2924 1602 Von
2951 1575 3005 1601 der
3032 1572 3309 1606 Fremdenpolizei

2768 1631 2835 1663 Nach
2857 1631 2913 1657 dem
2936 1629 3039 1662 Bericht
3061 1629 3107 1655 des
3131 1627 3277 1660 städlischen
3299 1628 3491 1660 Polizeiamtes

2674 1665 2760 1697 führte
2778 1665 2819 1691 die
2835 1664 3014 1696 Entwicklung
3033 1665 3076 1690 der
3096 1662 3246 1694 politischen
3265 1662 3444 1695 Verhältnisse
3463 1662 3491 1687 in

2673 1700 2780 1731 Europa
2804 1699 2885 1731 letztes
2906 1699 2979 1732 Jahr
3000 1705 3031 1731 zu
3053 1697 3125 1724 einer
3146 1696 3305 1728 erheblichen
3336 1697 3492 1729 Steige-

2674 1741 2687 1760 r
2698 1741 2714 1761 »
2726 1741 2742 1760 n
2753 1741 2769 1767 g
2802 1735 2846 1760 der
2881 1734 2904 1760 G
2916 1741 2927 1760 e
2938 1732 2946 1765 s
2957 1734 2981 1765 ch
2991 1733 3006 1759 ä
3018 1733 3026 1764 s
3038 1732 3045 1759 t
3058 1734 3071 1758 s
3083 1733 3089 1758 I
3102 1739 3116 1757 a
3129 1731 3146 1763 st
3183 1732 3227 1757 der
3253 1724 3491 1765 Fremdenpolizei.

2673 1768 2732 1795 Nur
2755 1768 2831 1799 durch
2855 1766 3073 1800 Ileberzeitarbeit
3099 1765 3127 1791 in
3155 1765 3337 1792 bedentendem
3362 1765 3492 1798 Umfange

2674 1804 2727 1829 nnd
2751 1802 2927 1834 Verstärkung
2953 1803 2997 1828 des
3023 1799 3170 1833 Personals
3197 1800 3289 1826 konnte
3316 1802 3364 1826 den
3392 1799 3491 1831 großen

2674 1836 2839 1869 Ansprüchen
2861 1837 2958 1869 genügt
2976 1836 3088 1862 werden.
3117 1834 3172 1860 Der
3194 1834 3342 1866 gesteigerte
3361 1834 3493 1865 Andrang

2674 1871 2787 1900 fremder
2811 1871 2945 1898 Elemente
2971 1870 3035 1902 legte
3060 1870 3107 1894 den
3132 1868 3172 1894 die
3197 1868 3426 1901 Fremdenpolizei
3452 1869 3491 1894 be¬

2674 1905 2814 1938 sorgenden
2841 1904 2943 1936 Stellen
2976 1902 3282 1936 Zurückhaltung
3315 1902 3343 1929 in
3370 1903 3415 1929 der
3440 1902 3491 1935 Zu¬

2675 1940 2778 1972 lassung
2799 1944 2849 1965 von
2870 1939 3044 1966 Ausländern
3069 1937 3144 1969 nahe.
3175 1936 3242 1963 Eine
3264 1937 3421 1968 bedenkliche
3444 1937 3492 1963 Er¬

2676 1973 2811 2006 scheinung
2832 1973 2924 2004 besteht
2944 1972 3031 2001 darin,
3051 1971 3101 2003 daß
3123 1970 3180 1997 eine
3201 1970 3282 2002 Reihe
3302 1976 3353 1997 von
3376 1971 3492 1998 Staaten

2676 2009 2741 2041 dazu
2777 2008 2909 2040 übergeht,
2945 2006 3097 2039 bisherigen
3134 2004 3415 2038 Staatsangehörigen
3452 2004 3493 2031 die

2675 2040 2910 2074 Answeispapicrc
2940 2048 2971 2073 zu
3000 2039 3163 2072 verweigern
3193 2041 3247 2066 und
3279 2039 3359 2072 ihnen
3389 2040 3417 2066 in
3447 2040 3492 2065 der

2675 2076 2756 2109 Folge
2775 2075 2815 2103 die
2834 2073 3129 2108 Staatsangehörigkeit
3147 2073 3351 2106 abzucrkenncn.
3371 2074 3493 2105 Dadurch

2676 2110 2845 2143 verschließen
2865 2110 2897 2143 sic
2913 2109 2996 2141 diesen
3012 2109 3108 2137 Leuten
3127 2107 3192 2138 nicht
3211 2115 3263 2134 nur
3281 2108 3323 2140 ihr
3343 2108 3492 2140 bisheriges

2676 2144 2855 2174 Heimatland,
2876 2144 2986 2177 sondern
3007 2141 3236 2180 verunmöglichen
3260 2144 3287 2169 es
3310 2144 3357 2168 den
3380 2142 3492 2175 hiesigen

2675 2179 2814 2212 Behörden
2835 2178 2981 2211 sozusagc»,
3000 2177 3041 2204 die
3059 2175 3231 2209 Bclrosscncn
3251 2176 3288 2203 im
3310 2176 3427 2207 Hinblick
3446 2176 3492 2208 aus

2676 2213 2716 2240 die
2738 2212 3011 2246 armenpolizeilichcn
3036 2210 3137 2243 Risiken
3161 2217 3220 2244 zum
3242 2211 3358 2244 Wegzug
3381 2218 3412 2244 zu
3435 2215 3492 2237 vcr-

2675 2247 2802 2281 anlasien,
2834 2246 2894 2273 weil
2928 2246 2956 2273 in
2988 2247 3031 2272 der
3056 2246 3137 2277 Folge
3158 2245 3255 2272 andere
3277 2245 3393 2272 Staaten
3427 2245 3493 2276 diese

2677 2282 2806 2313 Fremden
2831 2288 2883 2308 nur
2908 2280 2935 2308 in
2961 2288 3028 2314 ganz
3050 2279 3235 2313 beschränktem
3259 2279 3341 2312 Maße
3366 2280 3492 2313 übcrnch-

2677 2298 2744 2350 men.
2658 2335 2663 2391 j
2728 2359 2784 2390 Für
2834 2355 3332 2390 Einreisebewilligungen
3383 2358 3494 2384 wurden

2678 2395 2742 2420 4397
2763 2393 2871 2426 Gesuche
2892 2393 3027 2425 behandelt
3050 2398 3128 2425 gegen
3148 2392 3213 2417 2582
3234 2391 3272 2418 im
3292 2391 3421 2425 Vorjahr,
3440 2398 3492 2418 wo¬

2677 2432 2728 2454 von
2751 2429 2813 2453 1882
2835 2427 2862 2454 in
2882 2426 2985 2459 eigener
3003 2425 3136 2459 Besngnis
3155 2425 3266 2459 erledigt
3286 2426 3340 2452 und
3358 2427 3424 2452 2515
3443 2426 3493 2452 mit

2678 2461 2781 2494 Bericht
2799 2462 2852 2488 und
2868 2461 2971 2493 Antrag
2989 2468 3023 2487 an
3042 2460 3083 2488 die
3101 2459 3239 2487 kantonale
3254 2460 3374 2491 Behörde
3391 2460 3493 2487 weiter-

2678 2496 2779 2529 geleilet
2801 2496 2919 2523 wurden.
2948 2495 2999 2523 Tic
3021 2494 3047 2521 in
3071 2493 3174 2526 eigener
3195 2494 3328 2527 Besngnis
3349 2495 3492 2526 erledigten

2678 2530 2807 2564 Gescl)äste
2827 2530 2943 2561 betrafen
2965 2530 3011 2555 140
3031 2522 3244 2561 Dienstmädchen
3264 2530 3317 2555 und
3338 2530 3401 2555 1742
3420 2528 3493 2556 Arti-

2680 2565 2730 2597 sten
2746 2565 2799 2591 nnd
2814 2564 2936 2596 Musiker.
2961 2564 2997 2591 ES
3014 2563 3124 2590 wurden
3142 2562 3286 2595 insgesamt
3303 2564 3369 2590 9739
3385 2563 3493 2595 Gesuck-c

2679 2606 2722 2626 um
2748 2598 2930 2631 Beivilligung
2955 2598 2999 2624 des
3024 2596 3210 2629 Aufenthaltes
3237 2597 3291 2623 und
3318 2598 3362 2624 der
3386 2597 3493 2624 Nieder-

2680 2633 2781 2667 lassnng
2797 2633 2942 2663 behandelt,
2959 2632 3105 2665 gegenüber
3120 2632 3186 2657 6666
3203 2630 3240 2657 im
3257 2631 3385 2663 Vorjahr.
3410 2631 3494 2664 Jnbe-

2679 2667 2775 2701 grisscn
2808 2667 2862 2699 sind
2886 2668 2933 2693 173
2956 2666 3064 2699 Gesuche
3095 2672 3140 2691 um
3165 2665 3352 2698 nachträgliche
3373 2665 3493 2693 Bewilli¬

2680 2709 2750 2735 gung
2772 2703 2816 2728 des
2837 2702 2950 2729 Stellen-
2972 2702 3024 2727 und
3043 2699 3274 2732 Berufswechsels,
3293 2700 3494 2727 Stcllcnanlril-

2681 2737 2718 2763 les
2738 2737 2791 2762 nnd
2812 2735 2995 2768 selbständiger
3017 2733 3269 2766 Erwerbstäligkeit.
3299 2736 3365 2760 2912
3386 2734 3496 2766 Gesuche

2681 2772 2789 2797 wurden
2811 2769 2838 2796 in
2859 2770 2963 2804 eigener
2982 2767 3177 2802 Zuständigkeit
3198 2768 3336 2800 behandelt
3357 2769 3410 2795 nnd
3429 2769 3495 2794 6737

2681 2804 2728 2831 mit
2751 2804 2854 2835 Bericht
2875 2805 2928 2830 und
2949 2804 3053 2837 Antrag
3075 2809 3110 2829 an
3132 2801 3172 2828 die
3195 2802 3333 2829 kantonale
3355 2803 3495 2836 Frcmbcn-

2680 2838 2774 2872 polizci
2794 2837 2998 2872 weitcrgcleitct.

2730 2882 2826 2914 Wegen
2866 2881 3056 2914 Ilebertretung
3095 2879 3390 2913 fremdcnpolizeilicher
3426 2880 3493 2907 Vor¬

2679 2915 2796 2947 schriften
2819 2915 2946 2948 erfolgten
2973 2916 3034 2941 1119
3058 2913 3256 2946 Dcrzcignngcn
3282 2915 3342 2944 (695
3367 2914 3403 2941 im
3426 2915 3492 2941 Vor-

2679 2941 2773 2982 jahre).
2795 2949 2914 2981 Größere
2934 2948 3162 2982 Untersuchungen
3184 2949 3293 2974 wurden
3315 2950 3380 2974 2152
3403 2949 3491 2978 (1987)

2679 2984 2868 3017 durchgesührt,
2887 2988 2981 3010 wovon
3003 2985 3036 3009 28
3057 2984 3132 3014 durch
3153 2983 3201 3009 daS
3222 2982 3492 3015 Polizeiinspeklorat.

2678 3019 2718 3052 In
2738 3021 2783 3045 129
2802 3018 2893 3049 Fällen
2912 3018 2966 3044 kam
2982 3020 3009 3045 cs
3026 3017 3073 3050 zur
3089 3016 3491 3049 Landesverweisung,

2679 3053 2705 3080 in
2728 3054 2760 3079 29
2782 3052 2873 3084 Fällen
2894 3059 2941 3085 zur
2962 3052 3128 3083 Androhung
3150 3050 3231 3082 dieser
3251 3051 3417 3084 Maßnahme
3438 3052 3491 3077 und

2679 3086 2706 3114 in
2726 3089 2741 3114 5
2764 3086 2855 3121 Fällen
2877 3093 2926 3120 zur
2947 3084 3245 3119 Kanlonsverwcisung.

2969 3160 3202 3216 Lokales

2730 3243 2796 3271 Der
2825 3242 3058 3275 schweizerische
3088 3240 3490 3272 Hutdetailliftenverband

2681 3277 2735 3307 hält
2759 3278 2886 3309 Sonntag
2909 3279 2956 3303 den
2982 3279 3018 3303 II.
3040 3274 3111 3309 Juni
3135 3274 3172 3303 im
3195 3276 3270 3307 Hotel
3293 3276 3336 3303 St.
3358 3276 3491 3306 Gotthard

2681 3311 2748 3343 seine
2784 3312 2824 3339 28.
2863 3309 3325 3342 Generalversammlung
3362 3311 3402 3336 ab.
3442 3308 3491 3337 Bei

2681 3345 2761 3377 dieser
2778 3345 2945 3378 Gelegenheit
2964 3345 3051 3377 begeht
3069 3343 3108 3371 die
3123 3342 3231 3371 Sektion
3249 3343 3342 3376 Zürich
3359 3343 3399 3370 die
3415 3343 3491 3374 Feier

2681 3379 2753 3411 ihres
2774 3378 3017 3414 zwanzigjährigen
3042 3378 3189 3411 Bestehens.
3221 3377 3281 3405 Seit
3307 3377 3379 3409 ihrer
3401 3378 3491 3404 Grün¬

2680 3415 2750 3447 dung
2782 3414 2810 3444 ist
2833 3414 2925 3441 Albert
2949 3414 3094 3441 Baumann
3129 3411 3171 3443 ihr
3195 3411 3319 3444 rühriger
3342 3412 3491 3445 Präsident.

2680 3448 2731 3476 Die
2759 3447 2867 3476 Sektion
2896 3448 2989 3481 Zürich
3018 3446 3137 3479 offeriert
3165 3447 3212 3473 den
3241 3446 3345 3478 Gästen,
3372 3445 3413 3473 die
3439 3448 3490 3473 aus

2678 3484 2747 3510 allen
2769 3483 2861 3510 Gauen
2885 3482 2993 3514 unseres
3013 3480 3097 3509 lieben
3121 3480 3362 3513 Schweizerlandes
3386 3480 3490 3512 hierher

2678 3517 2803 3547 kommen,
2824 3517 2880 3544 eine
2900 3517 2982 3550 Fahrt
3005 3516 3051 3545 ans
3072 3517 3119 3542 den
3143 3514 3284 3547 Iletliberg.
3305 3515 3412 3542 Abends
3432 3520 3488 3541 »er-

2678 3551 2795 3581 sammelt
2829 3551 2871 3583 sich
2905 3550 2945 3578 die
2977 3549 3119 3578 Gemeinde
3149 3556 3181 3582 zu
3212 3548 3285 3575 einer
3317 3549 3486 3581 gemütlichen

2678 3586 2874 3618 Ilnlerhnltnng
2896 3585 2933 3612 im
2955 3584 3110 3617 ZunsthauS
3130 3590 3178 3615 zur
3203 3582 3398 3615 .Schmieden'.
3437 3583 3488 3611 Die

2680 3620 2815 3653 folgenden
2833 3620 2904 3652 Tage
2920 3621 3003 3652 gellen
3021 3620 3077 3646 dem
3090 3617 3184 3651 Besuch
3201 3618 3245 3644 der
3261 3617 3487 3651 Schweizerischen

2678 3654 2951 3687 Landesausstellung.

3395 3649 3439 3699 -ei-
2729 3717 3081 3752 Meschästäeröfsnung.
3098 3717 3129 3748 V
3144 3716 3186 3744 An
3205 3716 3250 3744 der
3268 3715 3489 3749 Iletliberg-

2680 3753 2797 3786 straße
2826 3753 2853 3785 ist
2875 3752 2902 3780 in
2924 3752 2996 3780 einer
3014 3750 3125 3784 Bauzeit
3146 3756 3196 3777 von
3218 3758 3270 3777 nur
3290 3750 3374 3777 einem
3396 3751 3490 3782 halben

2676 3788 2749 3822 Jahr
2779 3787 2834 3815 eine
2863 3794 2935 3816 neue,
2964 3784 3179 3819 leistungssähige
3219 3784 3490 3817 Großbäckerei

2679 3822 2838 3854 entstanden,
2862 3821 2902 3849 die
2927 3821 2968 3851 ihr
2992 3821 3106 3853 Besitzer.
3130 3818 3329 3851 Bäckermeister
3353 3819 3490 3852 Hermann

2678 3857 2702 3885 B
2714 3863 2729 3884 u
2740 3857 2764 3890 ch
2775 3863 2800 3884 m
2811 3864 2826 3883 a
2838 3863 2854 3884 n
2866 3864 2891 3886 n,
2932 3855 3012 3889 dieser
3044 3855 3116 3888 Tage
3148 3854 3286 3886 Behörden
3320 3855 3373 3881 und
3405 3854 3492 3888 Presse

189 3979 360 4022 Doktor
382 3978 627 4020 Klarblicks
652 3976 878 4027 Entschluß

518 4048 551 4075 n.

177 4099 258 4129 Tann
280 4097 372 4131 schrieb
391 4105 418 4125 er
437 4097 494 4126 eine
514 4097 594 4130 Reihe
612 4101 663 4124 von
683 4095 802 4128 Bricsen.
831 4096 868 4124 Er
887 4096 940 4123 trat

125 4142 177 4167 aus
198 4139 267 4165 allen
288 4136 506 4170 Kommissionen,
528 4137 608 4164 denen
632 4142 659 4162 er
681 4135 832 4168 angchvrle,
853 4135 942 4168 zurück

126 4179 181 4206 und
195 4177 261 4211 legte
277 4178 328 4203 alle
344 4176 462 4209 Vorsitze,
477 4175 517 4203 die
534 4182 596 4203 man
614 4173 669 4207 ihm
684 4174 844 4201 anvertraut
863 4174 941 4206 hatte,

125 4217 224 4245 nieder.
255 4215 314 4243 Das
337 4215 399 4248 trug
422 4214 475 4247 ihm
498 4213 564 4242 viele
586 4212 677 4245 Briese
700 4211 748 4240 mit
772 4211 864 4240 Bitten
888 4213 941 4239 und

125 4255 248 4288 manchen
274 4253 369 4287 Besuch
396 4253 446 4281 ein.
472 4254 543 4281 Aber
569 4260 597 4280 er
624 4250 693 4279 blieb
721 4250 862 4284 standhast,
888 4251 941 4277 nnd

126 4302 179 4323 nur
197 4293 246 4324 die.
264 4292 304 4320 die
322 4292 366 4325 ihn
386 4292 451 4326 nicht
470 4291 591 4323 kannten,
608 4289 803 4323 unternahmen
822 4292 849 4316 es
868 4290 942 4321 mehr

125 4336 170 4361 als
196 4331 305 4363 einmal,
335 4331 379 4364 ihn
410 4330 620 4366 »mzustinunen.
665 4328 716 4357 Tie
747 4327 791 4361 ihn
820 4327 942 4359 kannten,

124 4372 242 4405 wußten,
265 4370 315 4403 daß
339 4378 366 4398 er
391 4370 429 4398 bei
454 4371 521 4397 aller
545 4366 690 4402 Lindigkeit
717 4365 801 4400 seiner
826 4366 940 4400 Formen

126 4410 255 4446 stahlhart
276 4415 334 4436 war
354 4410 408 4436 und
427 4409 478 4440 daß
500 4408 552 4440 sein
572 4406 650 4436 Wort
671 4406 735 4439 galt.

177 4450 247 4479 Man
269 4448 337 4481 sagte
357 4447 420 4482 ihm.
438 4455 465 4475 er
484 4447 559 4481 dürfe
578 4445 645 4480 seine
664 4445 818 4472 wertvollen
837 4443 943 4477 Dienste

126 4491 188 4522 noch
208 4487 274 4520 nicht
297 4488 353 4515 dem
376 4486 559 4518 Gemeiinvohl
583 4483 726 4517 entziehen.
757 4483 793 4511 Er
817 4482 895 4515 sagte,
915 4489 943 4510 er

127 4528 206 4562 wisse,
225 4526 274 4559 daß
294 4533 321 4553 er
341 4533 426 4559 genng
445 4526 522 4559 getan
543 4524 615 4558 habe,
633 4528 710 4550 wenn
732 4529 760 4549 er
778 4520 856 4554 gleich
876 4520 942 4555 nicht

127 4567 177 4595 mit
201 4567 257 4593 dem
279 4564 413 4598 zufrieden
439 4564 480 4597 sei,
503 4570 560 4592 was
584 4570 611 4591 er
634 4562 698 4594 habe
722 4560 809 4593 leisten
834 4561 942 4587 können.

128 4607 198 4635 Mau
217 4604 285 4638 sagte
304 4604 367 4636 ihm,
384 4611 412 4631 er
431 4603 463 4636 sei
484 4600 651 4636 nnersetzlich.
678 4600 715 4627 Er
731 4599 809 4631 lack>le
826 4598 867 4625 die
883 4601 943 4629 ans.

128 4645 169 4672 die
191 4644 239 4671 das
262 4642 358 4675 sagten.
387 4643 456 4671 Man
480 4641 557 4676 sagte,
579 4647 641 4670 man
662 4638 732 4672 wisse
753 4637 807 4670 ihm
828 4636 944 4671 wirklich

128 4683 216 4712 keinen
240 4681 401 4715 Nachfolger.
433 4682 470 4709 Er
494 4680 570 4714 sagte,
592 4684 619 4707 es
643 4676 676 4711 sei
699 4677 760 4710 auch
782 4675 834 4703 viel
856 4675 944 4708 besser,

128 4731 156 4751 er
181 4721 251 4755 siude
273 4720 339 4753 nicht
364 4720 439 4747 einen
465 4718 628 4753 Nachfolger,
654 4716 764 4749 sondern
790 4714 874 4743 einen,
899 4715 944 4741 der

128 4762 169 4789 die
190 4760 271 4792 Sache
292 4759 338 4792 auf
359 4758 426 4791 seine
446 4758 534 4791 eigene
555 4756 606 4786 Art
627 4762 661 4782 an
683 4753 723 4781 die
744 4753 821 4783 Hand
844 4752 943 4785 nehme.

128 4801 198 4829 Man
232 4799 332 4825 nannte
366 4797 420 4830 ihm
453 4797 494 4824 die
519 4796 571 4824 viel
596 4794 693 4823 älter»,
727 4791 767 4819 die
800 4793 861 4822 noch
887 4790 944 4824 ihre

128 4839 237 4868 Aemler
254 4836 391 4870 behielten.
407 4837 445 4864 Er
463 4836 541 4869 sagte,
558 4841 586 4862 es
603 4832 712 4867 stünden
727 4830 753 4862 so
768 4829 835 4857 viele
852 4829 945 4863 Junge

130 4876 223 4910 müßig
245 4882 289 4903 am
309 4875 408 4905 Markt,
431 4874 481 4906 daß
505 4882 531 4902 es
554 4873 608 4904 ihm
628 4873 672 4898 al»
695 4869 789 4903 Pflicht
812 4867 945 4901 erscheine,

131 4917 211 4950 ihnen
243 4914 330 4943 Raum
359 4921 391 4947 zu
421 4915 507 4947 geben.
555 4912 640 4945 Schon
671 4910 715 4936 als
745 4915 773 4935 er
802 4906 844 4934 ei»
874 4905 945 4935 Kind

131 4954 253 4990 gewesen,
271 4954 335 4986 habe
352 4952 419 4985 seine
431 4951 539 4981 Mutier
556 4950 609 4981 ihm
629 4946 797 4980 bcigcbracht,
814 4945 865 4977 daß
881 4952 944 4973 man

131 4995 171 5022 die
194 4993 295 5020 andern
317 4992 377 5024 auch
401 4990 500 5018 einmal
522 4989 568 5022 ans
590 4986 630 5016 die
654 4985 777 5020 Schaukel
801 4984 869 5016 lasse,
891 4985 945 5010 nnd

131 5037 159 5061 es
182 5033 242 5066 gebe
265 5030 308 5064 für
331 5029 372 5057 ein
396 5027 607 5062 demokratisches
630 5024 695 5054 Volk
718 5022 804 5051 keinen
828 5021 944 5057 größer,,

132 5070 266 5104 Ncichtnin
294 5070 337 5096 al«
365 5069 422 5099 den,
450 5068 500 5099 daß
530 5075 557 5094 es
588 5063 717 5098 möglichst
746 5061 812 5089 viele
838 5061 944 5094 Frauen

131 5112 186 5139 und
210 5109 330 5136 Männer
354 5107 444 5140 besitze,
467 5106 507 5134 die
532 5105 572 5133 die
596 5103 684 5135 Tinge
706 5100 768 5134 auch
790 5098 890 5127 einmal
917 5099 944 5126 in

132 5151 178 5177 der
195 5148 272 5182 Hand
291 5147 382 5179 gehabt
402 5147 455 5173 und
472 5145 569 5173 darum
588 5141 704 5175 wüßten,
721 5139 771 5167 wie
791 5138 821 5172 sic
838 5145 869 5172 zu
888 5143 945 5165 ver¬

131 5188 230 5216 walten
254 5184 328 5217 seien.

184 5223 280 5258 Einige
306 5222 411 5258 wagten
441 5223 524 5251 etwas
551 5222 636 5249 davon
665 5225 696 5251 zu
727 5216 811 5251 sagen,
840 5214 890 5246 daß
918 5222 945 5242 er

133 5266 189 5294 kein
211 5263 286 5298 Recht
308 5263 380 5296 habe,
401 5269 452 5289 aus
471 5257 686 5296 Bequemlichkeit
709 5256 753 5290 sich
773 5253 860 5290 seinen
881 5253 946 5287 Aus¬

978 3951 1061 3984 gaben
1078 3957 1110 3983 zu
1128 3951 1270 3985 entziehen.
1289 3952 1326 3980 Er
1343 3952 1443 3979 deutete
1462 3949 1540 3980 ihnen
1561 3949 1712 3982 freundlich,
1730 3950 1792 3976 aber

980 3989 1109 4022 bestimmt
1128 3998 1171 4019 an.
1189 3990 1241 4022 daß
1255 3998 1283 4018 er
1300 3990 1365 4024 nicht
1384 3988 1460 4022 nötig
1478 3990 1549 4019 habe,
1567 3988 1609 4019 ihr
1626 3987 1710 4016 Urteil
1729 3989 1792 4015 über

980 4028 1066 4061 seinen
1095 4028 1171 4061 Fleiß
1200 4030 1261 4057 oder
1290 4029 1356 4063 seine
1383 4027 1598 4062 Bequemlichkeit
1626 4028 1793 4061 entgcgenzn-

980 4068 1099 4101 nehmen,
1121 4068 1171 4098 daß
1192 4076 1220 4095 er
1241 4069 1304 4096 aber
1326 4068 1484 4100 keineswegs
1506 4066 1542 4094 im
1565 4065 1638 4095 Sinn
1660 4067 1731 4097 habe,
1752 4065 1792 4093 ein

979 4107 1117 4141 bequemes
1138 4108 1218 4135 Leben
1239 4114 1271 4140 zu
1295 4107 1397 4141 führen.
1418 4106 1546 4138 Kurzum,
1566 4112 1594 4132 er
1616 4105 1670 4137 traf
1691 4104 1793 4132 allerlei

979 4145 1112 4179 Ratgeber
1135 4147 1189 4173 und
1211 4147 1357 4179 Zuredner,
1383 4146 1408 4178 so
1435 4145 1485 4176 daß
1510 4144 1564 4177 ihm
1590 4145 1708 4177 manches
1732 4143 1792 4171 Mal

980 4186 1025 4212 der
1050 4185 1169 4212 Gedanke
1194 4186 1258 4216 kam,
1284 4188 1311 4213 es
1337 4185 1424 4218 stünde
1450 4184 1519 4215 wohl
1545 4183 1601 4216 gut,
1626 4189 1701 4210 wenn
1729 4181 1793 4214 diese

980 4223 1056 4252 Leute
1078 4223 1122 4257 sich
1142 4223 1223 4256 selber
1245 4224 1270 4257 so
1291 4225 1336 4258 gut
1358 4231 1388 4257 zu
1411 4223 1486 4250 raten
1507 4221 1623 4255 wüßten,
1645 4221 1694 4248 wie
1716 4221 1747 4254 sie
1766 4226 1793 4247 es

982 4263 1036 4293 ihm
1054 4269 1085 4296 zu
1103 4263 1150 4289 tun
1170 4263 1326 4296 versuchten.
1345 4263 1413 4291 Aber
1430 4262 1477 4289 da?
1495 4262 1560 4288 alles
1581 4261 1643 4293 focht
1664 4260 1708 4292 ihn
1727 4259 1791 4293 nicht

979 4309 1024 4331 an,
1045 4302 1099 4328 und
1119 4309 1147 4328 er
1167 4303 1258 4329 wurde
1280 4302 1328 4329 mit
1350 4299 1524 4335 Gelassenheit
1546 4300 1590 4327 des
1611 4299 1793 4332 llcbrrgangeS

984 4322 1059 4373 Herr.
1032 4382 1115 4411 Seine
1131 4383 1234 4418 Praxis
1250 4384 1382 4417 verkaufte
1399 4390 1426 4411 er
1444 4389 1488 4409 um
1508 4381 1582 4409 eine»
1601 4381 1696 4414 rechten
1712 4379 1792 4413 Preis

980 4430 1015 4450 an
1040 4421 1116 4450 einen
1144 4422 1242 4456 jungen
1265 4424 1340 4456 Arzt,
1364 4423 1428 4449 über
1452 4420 1533 4453 dessen
1556 4419 1715 4453 Tüchtigkeit
1739 4419 1793 4446 und

981 4462 1079 4493 knappe
1104 4461 1304 4496 Möglichkeiten
1341 4461 1395 4494 ihm
1430 4459 1497 4493 seine
1524 4459 1644 4492 Freunde
1679 4466 1713 4485 an
1749 4458 1793 4484 der

982 4499 1177 4533 medizinischen
1203 4501 1325 4533 Fakultät
1348 4498 1488 4533 Aufschluß
1514 4499 1591 4531 geben
1616 4497 1735 4525 konnten.
1757 4496 1793 4523 Er

982 4540 1037 4567 kam
1064 4539 1118 4570 ihm
1146 4539 1233 4572 soweit
1262 4540 1395 4574 entgegen,
1421 4538 1471 4570 daß
1498 4538 1542 4564 der
1568 4535 1706 4569 Anfänger
1732 4536 1792 4562 eben

983 4578 1042 4611 noch
1062 4579 1175 4611 glauben
1196 4579 1297 4610 konnte,
1318 4578 1385 4611 seine
1403 4576 1504 4611 Praxi»
1525 4583 1556 4609 zu
1577 4575 1666 4606 kaufen
1688 4574 1741 4601 nnd
1762 4574 1793 4606 sie

982 4616 1048 4650 nicht
1077 4617 1201 4650 geschenkt
1228 4625 1259 4651 zu
1288 4618 1443 4645 bekommen.
1488 4616 1524 4643 Er
1550 4614 1643 4647 machte
1671 4612 1724 4644 ihm
1753 4611 1793 4639 die

981 4655 1171 4690 Abzahlnngrn
1201 4656 1272 4689 leicht
1301 4657 1354 4684 und
1383 4655 1453 4689 hatte
1481 4653 1522 4681 die
1551 4653 1658 4687 Freude,
1687 4651 1736 4685 daß
1765 4656 1792 4678 cs

981 4695 1051 4727 wohl
1074 4696 1243 4728 nngewendct
1263 4700 1330 4724 war.

1033 4738 1070 4766 Er
1093 4745 1140 4772 zog
1166 4738 1193 4766 in
1219 4739 1275 4767 eine
1300 4738 1380 4766 kleine
1406 4736 1487 4766 Stadt
1512 4736 1565 4763 nnd
1588 4734 1639 4766 ließ
1665 4734 1709 4767 sich
1733 4733 1791 4760 dort

984 4776 1010 4804 in
1045 4776 1129 4805 einem
1161 4777 1291 4811 einsachen
1325 4777 1426 4806 Viertel
1459 4774 1485 4802 in
1518 4773 1590 4801 einer
1620 4772 1791 4805 bescheidenen

982 4816 1126 4850 Wohnung
1155 4817 1253 4844 nieder.
1291 4816 1366 4848 .Mir
1394 4815 1497 4843 werden
1527 4812 1641 4847 fortan,'
1670 4811 1738 4845 sagte
1766 4818 1793 4838 er

982 4862 1014 4887 zu
1038 4854 1121 4887 seiner
1144 4855 1227 4887 Frau,
1251 4856 1292 4887 .so
1316 4857 1396 4884 lebe»,
1417 4852 1467 4884 daß
1488 4852 1541 4881 Tn.
1563 4856 1638 4878 wenn
1661 4850 1705 4878 Du
1728 4848 1792 4882 nicht

984 4895 1048 4921 über
1073 4895 1185 4925 hundert
1211 4895 1298 4928 Jahre
1324 4895 1362 4921 alt
1385 4891 1467 4924 ivirst.
1492 4897 1576 4924 genau
1603 4889 1627 4920 so
1653 4894 1703 4916 von
1729 4889 1793 4917 dem,

983 4938 1041 4961 was
1073 4932 1107 4966 ich
1138 4933 1298 4966 hinterlasse,
1326 4931 1491 4961 weiterleben
1522 4927 1618 4963 kannst,
1658 4928 1713 4955 »nd
1741 4926 1794 4954 wir

985 4972 1067 5004 haben
1102 4971 1127 5004 ja
1159 4973 1269 5005 gelernt,
1301 4972 1351 5003 daß
1383 4972 1427 4998 der
1457 4967 1590 5001 Reschlum
1620 4967 1665 4993 des
1696 4966 1793 4993 Lebens

984 5010 1049 5043 nicht
1071 5017 1115 5038 am
1138 5011 1239 5044 äußern
1261 5011 1395 5045 Aufwand
1416 5007 1519 5042 hängt.'

1035 5057 1137 5085 Seinen
1169 5059 1308 5092 Freunden
1338 5057 1406 5085 blieb
1434 5062 1461 5084 er
1491 5054 1556 5083 treu,
1587 5052 1644 5085 doch
1674 5050 1737 5085 ging
1766 5058 1793 5078 er

984 5096 1101 5130 weniger
1126 5104 1157 5131 zu
1186 5098 1273 5130 ihnen,
1298 5099 1341 5124 als
1366 5095 1415 5128 daß
1441 5100 1468 5121 er
1493 5092 1610 5121 wartete,
1636 5090 1678 5117 bi»
1705 5089 1735 5123 sic
1761 5096 1792 5122 zu

985 5135 1039 5166 ihm
1062 5136 1159 5164 kamen.
1194 5136 1253 5169 Ries
1280 5136 1324 5167 ihn
1351 5134 1430 5164 einer,
1454 5130 1515 5160 weil
1540 5137 1568 5157 er
1595 5129 1639 5161 ihn
1666 5129 1793 5161 brauchte,

985 5174 1010 5206 so
1033 5180 1091 5201 ivar
1117 5175 1170 5206 ihm
1195 5175 1249 5203 kein
1273 5176 1335 5207 Weg
1357 5181 1388 5207 zu
1410 5170 1480 5200 >ve!t.
1504 5169 1573 5197 keine
1597 5167 1653 5201 Zeit
1677 5174 1708 5200 zu
1731 5166 1793 5196 viel,

985 5213 1053 5240 keine
1071 5213 1231 5248 Bemühung
1247 5222 1278 5247 zu
1295 5213 1368 5246 groß.
1396 5211 1463 5242 Doch
1482 5209 1541 5240 löste
1558 5215 1585 5235 er
1604 5207 1647 5240 sich
1667 5205 1793 5239 innerlich

985 5252 1050 5286 stark
1080 5258 1132 5280 von
1162 5253 1249 5286 seinen
1280 5252 1429 5287 Freunden,
1458 5247 1524 5282 nicht
1553 5246 1614 5274 weil
1642 5253 1670 5273 er
1700 5245 1793 5279 gering

1830 3952 1881 3975 von
1906 3948 1984 3981 ihnen
2009 3950 2101 3981 dackste,
2126 3949 2235 3979 sondern
2257 3947 2317 3976 weil
2340 3954 2365 3974 er
2388 3947 2432 3980 sich
2456 3946 2520 3979 nicht
2544 3953 2578 3973 an
2601 3946 2640 3978 sie,

1832 3986 1864 4020 sie
1893 3987 1959 4020 nicht
1987 3995 2022 4015 an
2052 3988 2097 4018 ihn
2127 3987 2222 4015 binden
2251 3987 2347 4015 wollte.
2383 3987 2420 4013 Er
2448 3986 2517 4017 hatte
2547 3984 2641 4012 immer

1832 4032 1886 4053 nur
1915 4026 1972 4054 eine
1997 4026 2169 4060 Leidenschaft
2197 4026 2299 4060 gehabt,
2327 4024 2366 4051 die
2396 4024 2566 4057 Leidenschaft
2594 4030 2642 4056 zur

1834 4065 2068 4099 Ilnabhängigkcit,
2099 4067 2152 4093 nnd
2183 4073 2210 4093 er
2243 4065 2312 4096 halte
2344 4063 2381 4096 oft
2413 4062 2564 4096 beobachtet,
2593 4061 2642 4088 wie

1832 4104 1910 4131 unter
1930 4104 2066 4138 schwachen
2088 4104 2223 4136 Plenschen
2246 4102 2286 4131 die
2306 4101 2489 4136 Freundschaft
2509 4108 2557 4133 zur
2576 4100 2642 4128 Bin¬

1832 4143 1911 4175 dung.
1939 4150 1987 4176 zur
2015 4142 2208 4177 Parteilichkeit
2237 4143 2291 4170 und
2319 4148 2366 4175 zur
2395 4139 2583 4174 Abhängigkeit
2614 4138 2641 4165 in

1832 4181 1917 4209 Urteil
1941 4183 1994 4210 und
2019 4183 2242 4216 Stellnngnahmc
2266 4179 2345 4213 neigt.
2379 4180 2469 4212 „Ganz
2490 4180 2555 4211 ohne
2579 4177 2641 4206 Ein¬

1833 4220 1936 4253 samkeit
1957 4221 2012 4255 gibt
2034 4224 2061 4248 es
2083 4220 2152 4249 keine
2174 4219 2314 4253 Freiheit,'
2338 4218 2432 4252 pflegte
2455 4225 2482 4245 er
2502 4224 2533 4251 zu
2556 4216 2641 4250 seine»

1831 4259 1951 4287 Kindern
1974 4267 2005 4293 z»
2031 4260 2116 4294 sage».
2151 4260 2202 4290 .Er
2225 4259 2254 4293 ist
2280 4257 2431 4290 freundlich,
2454 4264 2482 4283 er
2506 4256 2535 4288 ist
2559 4255 2642 4289 gütig,

1830 4299 1894 4325 aber
1914 4306 1976 4326 man
1996 4300 2090 4327 kommt
2112 4299 2166 4331 ihm
2183 4298 2225 4326 nie
2244 4304 2311 4331 ganz
2330 4296 2419 4329 nahe,'
2442 4295 2554 4328 pflegten
2575 4294 2641 4327 seine

1832 4336 1952 4369 Freunde
1972 4343 2023 4365 von
2044 4337 2098 4368 ihm
2117 4345 2148 4371 zu
2167 4337 2289 4365 urteilen.
2319 4336 2376 4363 Ta»
2397 4341 2455 4362 mar
2474 4334 2538 4367 nicht
2559 4333 2640 4366 falsch.

1830 4375 1901 4403 Aber
1927 4376 2022 4410 seinem
2048 4376 2137 4407 Wesen
2165 4378 2208 4410 lag
2234 4379 2270 4405 es.
2295 4373 2389 4403 immer
2416 4374 2469 4400 nnd
2495 4377 2546 4399 von
2572 4372 2639 4399 allen

1832 4414 1914 4448 (seine
1947 4415 2021 4449 Frau
2056 4415 2183 4448 vielleicht
2217 4412 2437 4447 ausgenommen)
2464 4411 2579 4444 Abstand
2609 4417 2641 4443 zu

1833 4454 1931 4487 halten.

1883 4501 1966 4529 Seine
1995 4502 2094 4535 Bücher
2123 4501 2193 4532 hatte
2223 4508 2251 4529 er
2279 4499 2326 4531 ans
2353 4498 2394 4526 ein
2425 4496 2520 4525 kleine?
2549 4496 2640 4529 Gestell

1830 4539 2089 4574 zusammengcrückt.
2122 4541 2158 4568 Es
2183 4546 2273 4568 waren
2297 4536 2444 4572 gewichtige
2469 4537 2565 4565 Werke,
2588 4535 2641 4562 und

1832 4585 1859 4606 er
1879 4579 1974 4612 pflegte
1993 4579 2064 4612 jeden
2082 4580 2140 4612 Tag
2159 4578 2244 4612 einige
2261 4576 2384 4607 Stunden
2405 4573 2640 4608 dahintcrzusttzcn,

1832 4618 1885 4644 nnd
1914 4617 2038 4645 niemand
2066 4619 2109 4650 hat
2136 4618 2159 4651 je
2187 4616 2317 4649 ermessen,
2343 4614 2392 4643 mit
2419 4615 2535 4645 welchem
2563 4612 2639 4644 Ernst

1831 4663 1858 4683 er
1884 4657 1954 4684 dann
1977 4656 2111 4685 arbeitete.
2144 4655 2279 4688 Vielleicht
2303 4654 2393 4682 würde
2416 4658 2444 4679 cs
2469 4652 2512 4684 sich
2536 4651 2639 4682 lohnen,

1834 4694 1876 4722 die
1907 4695 1978 4723 Titel
2008 4695 2090 4727 dieser
2122 4696 2221 4728 Bücher
2254 4692 2435 4726 auszuzählen,
2468 4691 2525 4722 doch
2557 4690 2637 4722 haben

1830 4733 1883 4761 wir
1905 4735 1953 4761 das
1975 4734 2041 4768 nicht
2064 4734 2100 4762 im
2123 4733 2204 4762 Sinn.
2235 4730 2410 4765 Shakespeare
2432 4734 2490 4757 war
2511 4728 2639 4755 darunter

1831 4773 1885 4800 »nd
1912 4773 2011 4806 Homer
2041 4774 2094 4800 nnd
2122 4774 2203 4806 Latzes
2232 4770 2428 4800 Mikrokosmos
2456 4768 2509 4794 und
2538 4765 2638 4799 einiges

1830 4816 1881 4838 von
1905 4813 1975 4839 Kant
1999 4813 2052 4839 und
2075 4811 2194 4845 Evtthclf
2215 4810 2268 4838 nnd
2290 4809 2397 4841 Balzac,
2418 4806 2450 4839 sie
2471 4807 2521 4833 alle
2544 4805 2570 4832 in
2594 4806 2638 4831 der

1831 4849 1981 4884 Ursprache.
2003 4851 2073 4878 Aber
2089 4850 2129 4877 die
2146 4855 2212 4883 paar
2229 4850 2329 4877 Namen
2346 4845 2453 4880 besagen
2470 4844 2539 4877 wohl
2556 4842 2638 4876 nichts

1831 4889 1885 4916 und
1912 4890 1959 4917 tun
1986 4891 2033 4917 den
2061 4888 2178 4923 Bücher»
2205 4886 2320 4920 Unrecht,
2348 4884 2387 4911 die
2412 4883 2463 4911 wir
2489 4881 2545 4915 hier
2572 4880 2637 4915 nicht

1831 4934 1944 4956 nennen.

1883 4974 1966 5003 Seine
1997 4974 2201 5008 Gewohnheiten
2231 4979 2320 5000 waren
2354 4969 2458 5002 einfach.
2498 4968 2534 4995 Er
2566 4967 2637 4999 stand

1832 5012 1893 5047 früh
1917 5013 1963 5047 auf
1987 5015 2040 5041 nnd
2064 5014 2126 5047 ging
2149 5020 2197 5046 zur
2219 5011 2275 5045 Zeit
2298 5017 2329 5043 zu
2352 5009 2421 5037 Bett.
2455 5007 2522 5039 Doch
2547 5005 2637 5033 konnte

1831 5054 1858 5079 es
1882 5053 1943 5085 auch
1968 5052 2106 5086 gesd>ehen.
2130 5051 2180 5084 baß
2207 5050 2257 5083 sein
2282 5048 2347 5081 Licht
2374 5046 2419 5078 tief
2444 5045 2470 5072 in
2496 5044 2535 5071 die
2559 5043 2635 5076 Nacht

1831 5089 1922 5120 hinein
1951 5092 2077 5124 leuchtete.
2112 5091 2148 5118 Er
2173 5087 2306 5118 wandertc
2333 5085 2384 5113 viel
2408 5085 2462 5112 und
2488 5083 2527 5111 bei
2556 5082 2636 5115 jedem

1830 5128 1938 5157 Wetter.
1971 5130 2019 5163 Im
2041 5130 2167 5158 Sommer
2189 5128 2264 5156 liebte
2285 5133 2312 5153 er
2333 5128 2369 5154 es,
2391 5123 2450 5151 weit
2472 5130 2503 5156 zu
2527 5121 2636 5155 schwüu-

1831 5174 1898 5195 men.
1931 5169 1968 5195 Er
1993 5169 2062 5199 hatte
2086 5167 2181 5196 Immer
2203 5166 2243 5194 ein
2268 5170 2334 5197 paar
2357 5160 2563 5194 Schwermütige
2583 5160 2637 5187 und

1831 5206 1940 5236 Kranke,
1962 5207 2002 5234 die
2021 5215 2048 5234 er
2070 5206 2188 5239 besuchle,
2208 5205 2248 5233 ein
2269 5209 2333 5236 paar
2355 5201 2536 5233 Ratsuchende,
2556 5200 2635 5226 denen

1831 5251 1859 5272 er
1882 5245 1947 5279 hals,
1970 5247 2024 5273 und
2049 5246 2105 5273 kam
2128 5245 2171 5272 nie
2194 5250 2245 5271 von
2270 5241 2343 5270 einer
2365 5241 2538 5273 Wanderung
2561 5237 2638 5272 heim,

2679 3944 2744 3975 ohne
2768 3943 2819 3974 daß
2845 3950 2872 3969 er
2897 3942 2962 3976 nicht
2988 3941 3029 3969 ein
3056 3943 3135 3969 neues
3161 3940 3408 3974 Menschenschicksal
3433 3945 3489 3967 ver-

2680 3988 2811 4010 nommen.
2849 3981 2941 4013 Reisen
2971 3980 3066 4013 machte
3094 3987 3122 4006 er
3152 3978 3218 4012 nicht
3245 3980 3327 4011 mehr,
3356 3980 3419 4006 aber
3449 3979 3489 4006 die

2680 4020 2784 4050 Heimat
2801 4021 2891 4047 wurde
2911 4020 2964 4052 ihm
2983 4019 3078 4046 immer
3094 4018 3256 4048 vertranter,
3273 4019 3327 4045 und
3346 4025 3407 4045 man
3427 4018 3490 4050 sagt,

2681 4067 2707 4086 er
2730 4060 2793 4091 habe
2816 4059 2856 4091 hie
2876 4059 2930 4086 und
2951 4060 2983 4085 da
3005 4058 3066 4092 auch
3089 4057 3173 4085 einem
3196 4056 3324 4090 Mitglied
3345 4056 3418 4083 einer
3441 4057 3490 4084 Be-

2681 4099 2759 4130 Hürde
2785 4099 2846 4125 oder
2873 4097 2938 4130 sonst
2965 4097 3049 4124 einem
3073 4094 3286 4129 Einflußreichen
3314 4096 3375 4122 oder
3400 4095 3491 4126 Wohl¬

2680 4137 2812 4170 gesinnten
2833 4136 2908 4163 einen
2929 4136 3083 4163 iverlvollen
3104 4133 3261 4169 Fingerzeig
3282 4134 3399 4167 gegeben.
3421 4134 3491 4161 Aber

2681 4175 2732 4208 sein
2756 4176 2839 4204 Name
2861 4175 2951 4203 wurde
2976 4174 3042 4208 nicht
3066 4172 3149 4202 damit
3175 4173 3335 4203 verbunden,
3359 4172 3385 4206 so
3409 4171 3489 4200 bleibt

2680 4215 2728 4242 daS
2752 4214 2789 4242 im
2813 4213 3025 4248 Unbestimmten.

2730 4262 2784 4290 Mit
2807 4261 2890 4294 seiner
2911 4261 2985 4295 Frau
3007 4261 3072 4288 lebte
3093 4267 3121 4287 er
3142 4260 3207 4287 über
3227 4259 3268 4286 die
3289 4259 3390 4291 Maßen
3412 4258 3489 4292 glück¬

2680 4301 2734 4334 lich.
2759 4301 2816 4333 doch
2839 4300 2868 4333 ist
2893 4301 2978 4327 davon
3001 4299 3084 4333 nichts
3107 4306 3139 4331 zu
3163 4298 3247 4331 sagen.
3279 4297 3350 4331 Nicht
3373 4305 3425 4325 nur
3449 4297 3490 4324 die

2681 4340 2759 4373 rechte
2786 4339 2867 4369 Liebe,
2896 4340 2956 4372 auch
2985 4339 3033 4365 das
3059 4337 3149 4369 wahre
3176 4337 3253 4364 Glück
3282 4337 3336 4369 sind
3365 4336 3430 4368 nicht
3460 4336 3488 4363 in

2679 4379 2770 4406 Worte
2798 4386 2829 4412 zu
2859 4378 2945 4411 lasse».
2983 4376 3085 4406 Seinen
3115 4375 3243 4405 Kindern,
3274 4374 3359 4408 seinen
3391 4375 3487 4402 Enkeln

2678 4423 2737 4445 war
2757 4424 2786 4444 er
2808 4416 2850 4444 ein
2869 4417 2961 4446 Vater,
2982 4417 3030 4443 den
3053 4415 3085 4446 sic
3108 4414 3164 4447 sehr
3185 4413 3291 4442 liebten.
3317 4413 3403 4444 .Liebt
3424 4413 3489 4446 mich

2680 4455 2745 4490 nicht
2773 4463 2805 4489 zu
2834 4456 2912 4488 sehr,'
2943 4455 2968 4488 so
2997 4455 3065 4487 sagte
3092 4460 3120 4481 er
3146 4452 3312 4486 gelegentlich
3340 4459 3371 4484 zu
3401 4451 3488 4484 ihnen,

2681 4496 2762 4525 .denn
2784 4494 2817 4527 ich
2839 4495 2902 4526 habe
2922 4497 2949 4521 es
2969 4493 3034 4526 nicht
3056 4491 3175 4520 verdient
3196 4493 3249 4518 und
3269 4494 3297 4518 es
3318 4490 3346 4523 ist
3369 4491 3413 4523 für
3432 4491 3488 4522 euch

2680 4533 2745 4566 nicht
2766 4534 2834 4566 gut.'
2855 4533 2910 4561 Der
2928 4532 3105 4565 Hauptgrund
3121 4531 3185 4558 aber
3204 4530 3292 4560 dafür,
3310 4529 3360 4562 daß
3381 4537 3408 4556 er
3427 4529 3488 4560 auch

2679 4572 2735 4606 hier
2759 4572 2969 4605 Zurückhaltung
2993 4571 3061 4601 Übte,
3088 4569 3149 4602 liegt
3175 4569 3245 4599 wohl
3271 4567 3359 4598 darin,
3385 4568 3435 4599 daß
3460 4575 3488 4595 er

2679 4612 2737 4644 noch
2762 4610 2836 4638 einen
2860 4609 2953 4637 weiten
2978 4609 3042 4643 Weg
3067 4615 3199 4642 gegangen
3226 4607 3264 4640 ist,
3289 4606 3332 4634 bis
3356 4614 3384 4634 er
3410 4607 3487 4639 starb,

2678 4651 2731 4678 und
2762 4650 2846 4676 davon
2876 4649 2940 4675 kann
2971 4654 3024 4676 nur
3055 4647 3082 4675 in
3112 4646 3304 4679 Andeutungen
3335 4644 3485 4679 gesprochen

2677 4688 2789 4718 werden.

2727 4733 2861 4768 Vielleicht
2880 4734 2958 4767 lassen
2978 4734 3021 4766 sich
3037 4732 3099 4767 zwei
3119 4731 3212 4760 Linien
3231 4731 3311 4763 diese?
3331 4731 3424 4765 Weges
3442 4739 3486 4758 am

2677 4774 2772 4806 ehesten
2799 4773 2949 4805 auswcisen,
2975 4773 3028 4799 nnd
3053 4772 3105 4799 wir
3132 4770 3228 4803 hosfcn,
3254 4771 3364 4803 dadurch
3388 4769 3486 4803 wenig¬

2678 4812 2744 4845 stens
2775 4811 2876 4844 einiges
2906 4811 3106 4844 klarzumache».
3146 4810 3184 4836 Er
3223 4808 3285 4839 hielt
3326 4808 3366 4835 die
3405 4815 3485 4841 ganze

2677 4851 2821 4885 Schulung,
2848 4850 2888 4877 die
2916 4857 2944 4877 er
2971 4849 3096 4883 genossen,
3125 4847 3169 4880 für
3194 4847 3250 4874 eine
3276 4847 3486 4880 Derpslichtung.

2678 4890 2717 4917 die
2742 4889 2795 4921 ihm
2818 4888 2947 4921 anferlegt
2972 4889 3078 4915 worden
3102 4891 3169 4914 war.
3201 4887 3286 4913 Wenn
3311 4885 3337 4912 in
3362 4885 3485 4917 früheren

2677 4928 2781 4962 Jahren
2811 4926 2878 4960 seine
2906 4928 3028 4960 Kollegen
3057 4927 3132 4954 etiva,
3161 4924 3211 4952 wie
3239 4928 3266 4951 es
3295 4926 3346 4951 aus
3374 4923 3486 4956 BernsS-

2677 4966 2737 4999 stolz
2757 4973 2788 4999 zu
2811 4966 2939 4999 geschehen
2962 4965 3051 4998 pflegt,
3073 4965 3137 4992 über
3158 4963 3197 4990 die
3216 4962 3397 4995 Landpsarrer
3419 4962 3485 4995 spot¬

2677 5005 2752 5035 teten,
2771 5004 2810 5031 die
2831 5004 2874 5037 sich
2891 5004 2937 5036 ans
2956 5004 2998 5035 ihr
3015 5002 3155 5036 Griechisch
3175 5003 3227 5028 und
3247 5001 3382 5032 Hebräisch
3402 5001 3485 5029 etwas

2675 5050 2705 5078 zu
2727 5043 2787 5077 gute
2809 5043 2889 5072 täte»,
2911 5041 2984 5070 dabei
3006 5043 3069 5069 aber
3092 5040 3143 5068 viel
3166 5039 3282 5073 iveniger
3304 5038 3418 5074 leisteten
3441 5040 3484 5066 als

2676 5082 2716 5110 ein
2748 5081 2923 5115 beschäftigter
2951 5081 3024 5114 Arzt,
3052 5080 3076 5113 so
3106 5079 3175 5109 hatte
3206 5086 3233 5106 er
3261 5080 3317 5105 dem
3348 5078 3483 5112 cntgcgen-

2676 5121 2803 5155 gehalten,
2832 5120 2883 5152 daß
2912 5126 2939 5147 es
2969 5120 3012 5149 für
3041 5119 3082 5146 ein
3111 5118 3175 5146 Volk
3203 5117 3268 5149 nicht
3297 5116 3338 5144 ein
3368 5117 3483 5147 Verlust,

2675 5159 2784 5194 sondern
2811 5159 2851 5186 ein
2879 5158 2927 5186 mit
2952 5158 3062 5187 Worten
3089 5156 3155 5188 nicht
3182 5163 3213 5189 zu
3239 5155 3408 5187 ermessender
3433 5156 3483 5183 Ge¬

2675 5198 2748 5227 winn
2779 5197 2821 5230 sei,
2849 5204 2925 5225 wenn
2956 5197 3041 5231 einige
3070 5196 3153 5229 seiner
3183 5195 3290 5222 Glieder
3318 5194 3402 5227 Muße
3428 5196 3482 5221 und

2674 5237 2744 5272 Geist
2769 5245 2855 5272 genug
2880 5237 2998 5272 besäßen,
3024 5244 3070 5265 um
3094 5235 3135 5264 die
3159 5235 3280 5270 klassische
3304 5235 3425 5271 Bildung
3449 5243 3482 5271 zu
