2157 2362
1341 247 1369 293 1
1427 247 1473 299 7
1529 241 1563 303 8
1629 249 1677 299 0
1677 283 1695 301 .

169 227 309 301 Nr.
379 247 487 313 55.

75 397 547 513 Zürcher

155 588 470 644 Mittwoch,

1283 401 1751 517 Zeitung

1281 594 1360 643 den
1391 597 1452 657 19.
1467 597 1734 657 Heumonat.

404 793 578 831 Spanien.

115 832 285 868 Madrid,
312 840 395 866 vom
414 842 461 870 23.
489 832 603 872 Junii.
666 831 726 867 Ein
744 830 895 869 Nachtrag

75 873 179 907 unsrer
199 873 325 911 Zeitung
341 871 434 906 liefert
450 871 497 904 die
523 871 641 906 Artickel
660 873 708 904 der
728 870 894 908 Uebergabe

75 909 128 942 der
153 911 286 950 Vestung
313 912 467 948 Charlotte
496 912 528 943 de
553 913 582 944 la
603 912 724 946 Mobile
750 929 758 946 ,
788 911 843 943 wie
862 909 895 946 sie

76 949 159 988 Herr
195 952 282 986 Elias
307 950 468 989 Dürnford
497 950 897 986 Gouverneur-Lieutenant

77 996 138 1021 von
163 991 366 1027 Westflorida,
378 993 438 1023 und
457 991 681 1026 Commandanl
695 992 745 1022 der
762 989 894 1026 Vestung

74 1031 136 1062 und
153 1031 202 1063 der
224 1030 386 1068 brittischen
407 1032 571 1072 Besatzung
589 1039 645 1063 von
665 1030 783 1063 Mobile
795 1037 895 1067 vorge¬

73 1070 232 1108 schlagen,
272 1074 332 1102 und
357 1072 403 1106 D.
424 1072 537 1109 Galvez
555 1071 720 1108 genehmigt
741 1071 802 1105 hat.
846 1070 891 1103 Es

73 1109 134 1145 sind
154 1111 243 1147 dieser
258 1110 379 1144 Artickel
399 1110 479 1146 eilfe,
498 1112 556 1142 und
570 1110 603 1147 sie
613 1110 762 1147 enthalten
779 1108 890 1145 nichts,

73 1148 123 1180 als
148 1151 214 1182 was
240 1147 419 1188 gewöhnlich
444 1149 594 1187 bedungen
616 1149 720 1185 wird,
743 1156 827 1180 wenn
847 1146 893 1178 die

73 1188 240 1229 Besatzung
269 1196 301 1227 zu
330 1189 620 1228 Kriegsgefangenen
645 1189 778 1227 gemacht
803 1187 891 1219 wird.

74 1229 146 1264 Wir
169 1230 263 1266 haben
286 1229 339 1266 bey
356 1230 404 1260 der
420 1229 613 1267 Belagerung
633 1228 785 1262 verloren,
809 1226 891 1257 einen

72 1269 250 1303 Lieutenant
271 1285 279 1304 ,
303 1269 362 1299 und
379 1278 405 1307 7.
426 1270 589 1305 Gemeine;
609 1268 652 1299 ein
673 1265 893 1305 Sergent-Ma-

70 1308 120 1344 jor
139 1326 147 1343 ,
171 1309 216 1341 ein
237 1307 589 1345 Schiffs-Lieutenant,
614 1308 659 1339 ein
682 1306 825 1343 Capitain
843 1308 892 1336 der

70 1347 162 1386 Miliz
182 1348 242 1380 und
262 1358 290 1385 9.
303 1347 446 1382 Gemeine
461 1347 519 1383 sind
535 1347 715 1379 verwundet.
744 1347 816 1380 Von
828 1347 892 1376 dem

70 1387 192 1423 Verlust
214 1389 263 1420 der
284 1385 454 1426 Engländer
474 1388 525 1423 hat
543 1387 587 1421 D.
610 1386 723 1423 Galvez
738 1386 831 1422 nichts
848 1384 891 1415 be¬

69 1429 181 1464 richten
207 1425 344 1462 können,
372 1427 441 1459 weil
465 1427 500 1465 sie
531 1426 582 1464 ihn
612 1427 669 1459 mit
696 1426 746 1458 der
768 1424 890 1464 größten

70 1467 223 1507 Sorgfalt
241 1468 413 1506 verbargen.

113 1509 237 1548 Cadix,
260 1515 342 1540 vom
363 1517 410 1537 10.
427 1505 535 1546 Junii.
589 1505 648 1540 Ein
668 1503 776 1541 Chebek
791 1502 890 1542 bringt

70 1549 133 1580 uns
165 1549 211 1583 die
236 1546 424 1583 Nachricht,
455 1545 511 1584 daß
537 1545 582 1577 die
598 1545 722 1580 Escadre
750 1545 810 1575 und
833 1543 890 1575 das

70 1588 196 1624 Convoy
208 1605 218 1619 ,
242 1587 345 1623 welche
361 1588 415 1619 den
436 1586 490 1620 28.
514 1585 611 1622 Aprill
629 1592 685 1616 von
705 1584 767 1620 hier
786 1584 892 1621 ausge¬

67 1627 173 1665 laufen
194 1621 252 1665 sind
270 1643 280 1662 ,
303 1628 355 1658 den
377 1635 424 1662 17.
445 1627 497 1657 des
513 1625 633 1663 vorigen
651 1624 785 1658 Monats
801 1620 890 1662 glück¬

67 1668 126 1706 lich
163 1675 195 1707 zu
222 1665 471 1703 Saint-Croix
483 1665 542 1700 auf
561 1663 709 1702 Teneriffe
730 1665 892 1702 angelangt

68 1708 162 1745 seyen.
194 1708 260 1744 Der
280 1706 391 1744 Chebek
406 1706 458 1741 hat
473 1704 599 1743 zugleich
615 1703 726 1736 unweit
736 1704 787 1735 des
805 1703 889 1739 Caps

69 1748 183 1784 Cantin
217 1748 270 1779 den
303 1743 459 1784 englischen
491 1745 659 1782 Brigantin
688 1743 829 1782 Fanchon
847 1750 889 1775 er¬

68 1789 182 1822 deutet,
207 1786 298 1824 dessen
310 1786 435 1823 Ladung
452 1785 510 1815 aus
530 1792 614 1820 1390.
630 1784 775 1822 Stangen
791 1785 885 1819 Bley,

66 1837 120 1868 71.
139 1827 239 1867 Fässer
258 1826 393 1862 Vitriol,
414 1823 463 1862 80.
483 1821 580 1862 Fässer
598 1823 704 1859 Mehl,
729 1821 888 1858 60. Säcke

68 1870 208 1903 Getreide
233 1884 242 1903 ,
270 1866 382 1904 einigen
408 1863 625 1900 medicinischen
655 1862 798 1896 Artickeln
827 1864 886 1894 und

67 1910 183 1940 andern
200 1908 337 1942 Waaren
358 1904 505 1940 bestuhnd.
556 1903 803 1940 Wahrscheinlich
824 1908 889 1935 war

66 1948 159 1981 dieses
180 1947 289 1986 Schiff
302 1945 374 1983 nach
392 1943 550 1980 Gibraltar
571 1941 726 1978 bestimmt.

106 1990 260 2024 Muros,
283 1994 365 2019 vom
391 1988 463 2023 9ten
484 1983 597 2022 Junii.
645 1982 708 2018 Die
733 1981 889 2020 königliche

67 2026 387 2065 Courrier-Fregatte
404 2027 451 2056 der
469 2022 584 2060 König,
607 2022 807 2054 commandirt
828 2028 887 2054 von

67 2071 113 2105 D.
135 2066 227 2107 Juan
253 2065 386 2100 Antonio
415 2063 589 2102 Gonzales,
603 2062 705 2097 welche
725 2063 779 2092 den
797 2066 887 2097 25ten

64 2108 164 2143 Aprill
184 2114 241 2138 von
265 2105 439 2144 Havannah
461 2102 619 2142 absegelte,
643 2110 695 2133 um
711 2102 756 2133 die
778 2102 885 2133 ameri¬

63 2149 213 2187 canischen
245 2145 352 2185 Briefe
377 2145 450 2183 nach
475 2144 615 2181 Coronna
633 2149 666 2182 zu
687 2141 828 2182 bringen,
850 2140 885 2180 ist

937 786 1043 826 gestern
1060 789 1120 827 hier
1138 792 1328 829 eingelaufen.
1371 797 1550 835 Ohngefähr
1568 809 1617 832 20.
1633 797 1748 833 Meilen

940 835 1008 861 vom
1030 829 1095 867 Cap
1118 831 1284 868 Finisterrä
1304 832 1369 871 stieß
1387 837 1431 867 die
1455 837 1592 875 Fregatte
1616 838 1673 875 auf
1687 840 1748 871 eine

940 870 1070 905 andere,
1106 871 1152 902 die
1178 870 1209 907 sie
1233 871 1281 907 für
1301 872 1362 905 eine
1385 876 1521 913 englische
1544 878 1638 914 hielt,
1661 877 1696 909 ob
1715 878 1749 914 sie

939 908 1022 944 schon
1048 908 1092 940 die
1117 909 1295 948 französische
1324 913 1434 952 Flagge
1465 915 1629 953 aufgesteckt
1656 917 1747 954 hatte.

938 949 1005 983 Der
1024 948 1165 986 Franzose
1186 950 1265 986 hatte
1285 950 1347 984 eine
1364 954 1500 992 englische
1516 956 1600 991 Prise
1614 956 1664 992 bey
1682 957 1748 992 sich,

937 989 996 1020 und
1016 988 1072 1025 sein
1094 989 1245 1022 Manövre
1262 989 1395 1027 bestärkte
1413 995 1466 1026 den
1484 995 1530 1030 D.
1549 996 1700 1034 Gonzales
1718 996 1749 1027 in

938 1027 1041 1063 seinem
1068 1026 1277 1067 unglücklichen
1303 1032 1451 1068 Verdacht
1474 1033 1502 1070 so
1531 1035 1614 1071 sehr,
1642 1035 1697 1071 daß
1718 1042 1749 1067 er

936 1072 1034 1105 wegen
1075 1069 1124 1099 der
1159 1069 1390 1107 Ueberlegenheit
1417 1073 1506 1108 seines
1539 1074 1749 1112 eingebildeten

936 1105 1062 1145 Feindes
1076 1107 1147 1142 seine
1160 1108 1263 1144 Briefe
1280 1108 1349 1141 über
1370 1112 1457 1145 Bord
1477 1113 1566 1147 warf.
1601 1114 1649 1146 An
1660 1114 1748 1148 Bord

936 1146 1024 1182 dieser
1041 1146 1177 1184 Fregatte
1192 1155 1256 1179 war
1271 1150 1343 1186 auch
1361 1151 1408 1186 D.
1428 1151 1560 1185 Manuel
1579 1153 1747 1190 Gonzales,

935 1186 986 1217 der
1003 1186 1046 1217 die
1062 1187 1229 1224 Depeschen
1246 1190 1304 1220 aus
1321 1189 1492 1225 Louisiana,
1515 1192 1576 1222 und
1594 1195 1680 1223 unter
1698 1199 1749 1222 an¬

934 1225 1006 1256 dern
1033 1226 1077 1259 die
1097 1226 1256 1262 Nachricht
1277 1235 1335 1260 von
1365 1230 1415 1261 der
1431 1230 1596 1269 Uebergabe
1616 1233 1664 1263 der
1690 1230 1749 1265 Ve¬

933 1263 1016 1301 stung
1034 1265 1151 1299 Mobile
1179 1266 1303 1302 brachte.
1335 1283 1372 1289 —
1405 1268 1475 1304 Der
1491 1269 1637 1307 Irrthum
1662 1269 1749 1306 dieser

933 1303 1069 1342 Fregatte
1085 1304 1208 1337 beraubt
1223 1307 1281 1338 uns
1304 1307 1376 1338 aller
1388 1308 1629 1345 americanischen
1651 1309 1748 1345 Nach¬

934 1344 1065 1380 richten;
1089 1344 1157 1379 doch
1176 1344 1269 1380 haben
1288 1346 1346 1378 wir
1370 1353 1427 1378 von
1447 1347 1512 1378 dem
1528 1348 1670 1383 Capitain
1686 1349 1747 1379 und

932 1384 998 1415 dem
1019 1383 1203 1420 Schiffsvolk
1229 1383 1362 1421 erfahren
1381 1402 1390 1420 ,
1413 1385 1469 1422 daß
1491 1387 1552 1419 eine
1567 1387 1748 1424 ansehnliche

932 1420 1128 1460 Verstärkung
1140 1431 1197 1455 von
1212 1425 1364 1463 Havanna
1380 1425 1411 1457 ist
1428 1426 1596 1463 abgeschickt
1609 1428 1746 1462 worden,

930 1463 977 1495 die
994 1465 1050 1494 mit
1067 1462 1120 1495 den
1143 1463 1286 1500 Truppen
1312 1464 1363 1497 des
1393 1465 1440 1501 D.
1459 1466 1569 1504 Galvez
1587 1466 1748 1504 Pensacola

932 1502 1102 1539 einnehmen
1122 1502 1185 1539 soll.

1240 1542 1436 1580 Frankreich.

971 1582 1101 1622 Paris,
1129 1583 1192 1614 den
1211 1592 1254 1613 11.
1275 1583 1352 1621 Jul.
1400 1582 1523 1619 Endlich
1542 1583 1642 1622 bringt
1663 1583 1749 1620 unsre

930 1622 1107 1662 Hofzeitung
1135 1622 1198 1653 eine
1220 1620 1360 1655 Relation
1389 1629 1447 1655 von
1465 1624 1533 1656 dem
1550 1623 1749 1662 berüchtigten

930 1655 1050 1699 Treffen
1074 1669 1143 1693 vom
1172 1670 1219 1698 17.
1246 1661 1342 1696 Aprill
1368 1668 1436 1699 zum
1459 1662 1632 1700 Vorschein.
1675 1664 1747 1698 Wir

929 1702 1034 1734 wollen
1052 1708 1109 1732 nur
1127 1702 1183 1731 das
1204 1699 1313 1737 heraus
1332 1702 1473 1738 nehmen,
1497 1704 1563 1734 was
1587 1704 1641 1735 den
1659 1703 1749 1740 engli¬

930 1742 1008 1779 schen
1025 1740 1217 1776 Nachrichten
1238 1740 1443 1776 widerspricht.
1488 1740 1608 1778 Erstens
1620 1743 1681 1780 sagt
1701 1742 1747 1774 die

930 1777 1107 1819 französische
1133 1780 1277 1814 Relation
1296 1796 1305 1814 ,
1336 1780 1381 1812 die
1399 1780 1498 1819 Flotte
1518 1783 1568 1814 des
1590 1781 1747 1816 Admirals

929 1822 1055 1856 Rodney
1084 1820 1143 1856 seye
1163 1822 1214 1851 der
1242 1819 1338 1857 Flotte
1358 1820 1409 1851 des
1434 1820 1593 1854 Admirals
1613 1821 1746 1857 Guichen

931 1862 1004 1897 ohne
1012 1862 1088 1892 allen
1106 1859 1258 1896 Vergleich
1271 1856 1423 1898 überlegen
1440 1860 1590 1898 gewesen;
1614 1862 1657 1892 die
1668 1859 1745 1897 Zahl

930 1902 979 1932 der
994 1899 1111 1937 Schiffe
1133 1907 1197 1932 war
1219 1899 1272 1935 fast
1289 1899 1377 1937 gleich
1394 1916 1403 1934 ,
1426 1901 1487 1932 und
1513 1900 1557 1932 die
1572 1897 1745 1938 Engländer

927 1940 1029 1977 hatten
1051 1938 1173 1978 grössere
1192 1932 1318 1984 Schiffe.
1350 1938 1508 1976 Zweytens
1527 1948 1536 1972 :
1553 1939 1678 1975 Rodney
1693 1938 1745 1974 ha¬

929 1981 962 2011 be
981 1980 1037 2012 das
1053 1979 1172 2017 Treffen
1190 1978 1431 2017 ausgeschlagen,
1454 1979 1513 2010 und
1525 1979 1658 2015 Guichen
1667 1976 1743 2015 habe

929 2021 981 2056 ihn
999 2020 1055 2052 mit
1068 2020 1154 2052 allem
1173 2018 1256 2054 Eifer
1273 2019 1344 2055 dazu
1363 2019 1481 2053 bringen
1500 2021 1614 2049 wollen.
1647 2022 1660 2053 (
1678 2018 1744 2053 Die

930 2058 1102 2098 Engländer
1120 2059 1206 2097 sagen
1222 2060 1278 2090 das
1299 2059 1371 2092 auch
1389 2065 1446 2088 von
1463 2056 1547 2094 sich.)
1580 2058 1742 2093 Drittens:

930 2101 975 2134 Es
999 2100 1074 2137 habe
1098 2107 1168 2137 ganz
1186 2099 1216 2130 in
1243 2099 1291 2129 der
1315 2098 1420 2131 Macht
1437 2097 1484 2128 der
1507 2096 1681 2133 Engländer
1697 2104 1744 2135 ge¬

928 2140 1070 2178 standen,
1094 2138 1140 2173 die
1161 2138 1266 2174 Action
1283 2135 1424 2176 lebhafter
1450 2143 1485 2175 zu
1504 2138 1626 2175 machen
1643 2154 1651 2175 ,
1673 2139 1745 2170 oder
