3784 5551
150 154 242 210 M
286 151 376 215 77.
450 154 654 227 Erstes
692 155 896 220 Blatt.

1644 161 1920 235 Sechzigster
1951 164 2230 241 Jahrgang.

2807 173 3136 253 Mittwoch,
3171 179 3260 244 17.
3295 179 3474 259 März
3509 184 3680 249 1880

176 255 1019 686 Neue
1062 264 3672 830 Zürcher-Zeitung

1826 806 1969 877 und

1107 913 1896 1139 schweizerisches
1955 922 2711 1135 Handelsblatt.

279 791 794 834 Abonnementspreise.

659 844 672 865 3
682 843 779 866 Monate.
807 845 820 866 6
829 844 927 867 Monate.

123 873 218 926 Zürich
232 874 302 899 (wenn
316 873 351 896 die
364 874 457 904 Zeitung
471 876 567 904 abgeholt
579 879 644 904 wird)
673 879 712 906 Fr.
726 880 781 902 5.50
805 879 843 907 Fr.
859 881 928 902 10.—

122 901 236 927 Schweiz
251 901 379 927 (Bestellung
394 903 447 923 beim
462 904 599 929 Postbureau)
615 922 621 926 .
649 920 655 927 .
686 921 695 931 „
726 907 781 930 6.75
818 922 828 933 „
860 908 927 930 12.50

150 928 184 951 do.
212 928 292 953 (direkte
302 928 422 955 Bestellung
436 930 467 952 bet
483 931 518 952 der
532 930 655 956 Expedition

214 955 258 976 und
268 954 341 982 Bezug
355 956 415 977 unter
429 957 589 983 Privatadresse)
612 974 692 984 ...
721 960 778 983 7.50
815 975 825 987 „
855 962 926 983 14.—

121 982 325 1008 Deutschland
339 981 467 1011 (Bestellung
481 985 536 1006 beim
549 985 654 1012 Postamt)
666 986 716 1009 Mk.
716 986 778 1009 7.05

121 1009 418 1037 Oesterreich-Ungarn
429 1010 494 1039 (Best.
494 1010 525 1039 b.
525 1010 633 1039 Postamt)
633 1010 660 1039 fl.
660 1010 682 1039 ö.
682 1010 720 1039 W.
720 1010 777 1039 5.64

121 1036 301 1063 Frankreich,
311 1035 417 1061 Italien
428 1038 472 1059 und
483 1038 555 1064 übrige
565 1038 656 1061 Staaten

213 1064 249 1085 des
264 1063 509 1087 Weltpostvereins
524 1064 604 1089 (direkte
617 1065 657 1088 Be¬

214 1090 302 1119 stellung
316 1090 348 1112 bei
362 1090 396 1112 der
410 1090 542 1118 Expedition)
578 1107 585 1115 .
612 1108 619 1116 .
647 1107 657 1117 .
670 1095 713 1122 Fr.
713 1095 784 1122 11.50
806 1097 844 1125 Fr.
858 1098 925 1119 22.-

3056 830 3521 870 Insertionsgebühr

3208 878 3360 901 Annoncen:

2893 898 2937 926 Für
2951 900 2984 924 die
2997 901 3084 929 Schweiz
3097 903 3124 925 20
3133 903 3181 929 Rp.,
3197 903 3230 931 für
3244 906 3283 926 das
3292 906 3392 928 Ausland
3400 907 3427 928 25
3437 906 3477 933 Rp.
3492 907 3538 930 oder
3551 908 3579 934 20
3587 908 3692 934 Pfennige

3161 934 3197 956 per
3211 932 3347 960 sechsspaltige
3356 933 3421 960 Zeile.

3026 956 3150 984 Reclamen
3164 963 3191 980 rc.
3207 959 3277 984 (unter
3290 960 3334 981 dem
3348 960 3552 990 Redaktionsstrich)

3085 986 3113 1006 50
3125 984 3169 1010 Rp.
3182 989 3218 1010 per
3229 985 3363 1014 vierspaltige
3378 988 3490 1016 Petitzeile.

2890 1006 2989 1034 Inserate
3002 1010 3046 1032 und
3055 1011 3165 1034 Reclamen
3175 1012 3219 1038 sind
3228 1012 3361 1039 einzusenden
3378 1019 3407 1036 an
3415 1015 3448 1037 die
3458 1016 3692 1042 Annoncenexpedition

2890 1036 2931 1057 von
2952 1036 3030 1059 Orell
3048 1038 3129 1065 Füßli
3147 1040 3165 1059 &
3185 1038 3236 1061 Cie.
3254 1039 3283 1060 in
3301 1039 3396 1067 Zürich
3418 1042 3462 1064 und
3480 1044 3561 1066 werden
3575 1044 3633 1070 durch
3649 1045 3690 1068 alle

3004 1063 3089 1094 übrigen
3103 1065 3216 1088 bekannten
3230 1066 3437 1096 Annoncenbureaux
3453 1071 3574 1093 vermittelt.

3082 1092 3153 1115 Preis
3168 1093 3206 1116 der
3220 1093 3332 1121 einzelnen
3348 1097 3478 1124 Nummern
3488 1104 3495 1120 :

2955 1117 3051 1145 Einfache
3072 1119 3097 1142 10
3111 1120 3156 1145 Rp.,
3180 1120 3219 1143 mit
3232 1120 3317 1150 Beilage
3334 1123 3360 1144 15
3373 1123 3421 1151 Rp.,
3442 1125 3536 1152 doppelte
3550 1126 3579 1150 20
3591 1126 3632 1151 Rp.

175 1185 387 1239 Täglich,
416 1188 511 1230 mit
538 1189 844 1245 Ausnahme
873 1194 956 1235 des
982 1194 1262 1250 Sonntags,
1293 1200 1591 1253 zweimalige
1616 1200 1869 1254 Ausgabe.

2100 1206 2323 1258 Büreau
2352 1211 2438 1252 der
2463 1210 2772 1262 Redaktion:
2814 1214 3145 1272 Brungasse
3172 1219 3274 1273 Nr.
3299 1226 3331 1262 2
3360 1221 3418 1264 in
3443 1220 3632 1275 Zürich.

274 1314 830 1381 Tagesbericht

415 1396 482 1426 vom
508 1395 558 1427 16.
584 1395 683 1436 März.

186 1431 238 1464 Da
260 1429 306 1462 die
329 1430 496 1471 Dynastien,
528 1433 556 1472 so
579 1434 663 1475 lange
687 1443 755 1468 man
788 1434 863 1475 ihrer
898 1435 980 1468 über¬

114 1476 211 1517 haupt
234 1483 269 1515 zu
291 1474 426 1515 bedürfen
449 1476 559 1517 glaubt,
583 1487 644 1511 nun
668 1479 774 1512 einmal
795 1479 861 1520 auch
878 1480 982 1520 darauf

116 1521 198 1562 sehen
223 1519 340 1561 müssen,
364 1519 414 1559 sich
437 1521 517 1561 ihren
529 1522 658 1556 Ländern
680 1532 715 1564 zu
737 1523 872 1564 erhalten,
896 1525 924 1564 so
948 1525 982 1565 ist

114 1567 165 1599 ein
187 1565 338 1604 Wetteifer
359 1567 443 1599 unter
465 1566 562 1606 ihnen,
596 1567 659 1608 ihre
691 1568 904 1609 Stammhalter
936 1569 981 1602 bei

115 1611 220 1652 Zeiten
243 1609 275 1642 in
298 1609 343 1642 die
364 1609 449 1648 süßen
474 1610 575 1643 Bande
597 1613 645 1644 der
669 1612 726 1652 Ehe
760 1622 794 1653 zu
821 1612 980 1653 schmieden.

114 1656 165 1695 In
189 1653 403 1695 hyperloyalem
426 1654 521 1693 Jubel
542 1656 679 1697 vergessen
703 1657 733 1689 in
755 1658 853 1698 diesem
866 1658 981 1699 Augen¬

115 1700 183 1735 blick
206 1699 248 1731 die
273 1697 490 1739 vielsprachigen
503 1700 608 1733 Völker
623 1702 806 1743 Oesterreichs
828 1702 887 1735 und
910 1703 980 1736 Bel¬

114 1746 198 1788 giens
223 1743 266 1775 die
288 1742 369 1783 Noth
390 1743 438 1775 der
460 1744 528 1783 Zeit
557 1744 627 1778 über
659 1746 707 1779 der
728 1746 898 1789 Verlobung
932 1748 981 1780 des

114 1787 320 1828 Kronprinzen
343 1788 455 1829 Rudolf
479 1788 534 1830 (21
543 1788 576 1830 ½
592 1790 672 1832 Jahr
684 1791 740 1832 alt)
764 1792 817 1825 mit
832 1792 879 1824 der
891 1792 979 1834 Prin¬

115 1835 201 1876 zessin
225 1832 384 1873 Stephanie
409 1832 490 1872 (bald
517 1835 557 1866 16
570 1834 664 1876 Jahre
686 1836 754 1877 alt).
802 1836 900 1870 Kaum
915 1836 982 1870 aber

114 1881 151 1920 ist
174 1878 246 1918 diese
268 1877 370 1918 Partie
390 1877 511 1911 bekannt
532 1880 687 1920 geworden,
716 1881 746 1919 so
767 1883 846 1923 trägt
867 1881 911 1914 die
934 1891 981 1922 ge¬

114 1923 246 1965 schäftige
278 1923 373 1961 Fama
406 1923 474 1963 auch
509 1923 585 1964 schon
622 1925 680 1958 eine
714 1925 894 1966 Brautschaft
932 1927 981 1959 des

116 1969 267 2009 Freundes
300 1967 361 1999 und
394 1967 621 2010 Altersgenossen
655 1970 806 2011 Erzherzog
840 1971 978 2011 Rudolfs,

115 2015 167 2047 des
191 2011 318 2052 Prinzen
340 2011 479 2052 Wilhelm
502 2018 559 2046 von
571 2014 704 2056 Preußen
721 2016 848 2055 (ältesten
860 2015 979 2056 Sohnes

116 2061 167 2092 des
184 2056 397 2097 Kronprinzen)
423 2058 474 2097 auf
496 2058 576 2097 ihren
588 2059 715 2101 Fittigen
730 2060 812 2099 durch
823 2060 866 2093 die
878 2061 978 2094 Lande.

116 2104 177 2139 Die
200 2101 384 2141 Auserlesene
406 2101 455 2134 des
480 2104 520 2134 21
545 2103 639 2144 Jahre
672 2104 750 2138 alten
772 2105 896 2146 Prinzen
928 2105 982 2145 soll

117 2150 180 2181 eine
203 2145 321 2185 Tochter
344 2146 391 2178 des
413 2146 523 2188 letzthin
545 2148 737 2189 verstorbenen
759 2151 884 2191 Herzogs
922 2155 980 2183 von

117 2189 702 2235 Holstein-Sonderburg-Augustenburg
733 2195 795 2234 (des
826 2195 884 2235 sog.
919 2196 982 2227 Au¬

118 2235 351 2280 gustenburgers,
382 2235 451 2276 einst
473 2237 683 2277 Prätendenten
717 2243 773 2272 von
808 2239 981 2281 Schleswig-

116 2281 264 2324 Holstein)
289 2280 366 2320 sein;
390 2288 447 2313 nur
470 2281 624 2321 schwanken
646 2283 689 2315 die
702 2283 837 2323 Gerüchte
852 2284 978 2324 zwischen

114 2329 166 2361 der
190 2325 306 2363 ältesten
329 2324 445 2364 Tochter
468 2327 593 2367 Auguste
616 2328 748 2361 Victoria
770 2327 870 2368 (21½
898 2328 980 2369 Jahr

115 2373 176 2413 alt)
201 2370 261 2403 und
284 2370 333 2402 der
355 2369 469 2410 zweiten
491 2371 630 2404 Karoline
646 2372 790 2414 Mathilde
814 2375 870 2413 (20
887 2373 981 2415 Jahre

116 2418 187 2458 alt).
236 2414 306 2447 Von
331 2414 475 2455 offizieller
498 2416 578 2449 Seite
601 2417 635 2457 ist
662 2417 751 2457 nichts
783 2418 902 2451 bekannt
935 2428 980 2460 ge¬

115 2461 236 2496 worden
260 2459 320 2491 und
351 2458 397 2491 der
421 2460 716 2503 augustenburgischen
738 2463 865 2501 Familie
886 2462 981 2503 Nahe¬

112 2505 243 2549 stehende
267 2503 411 2541 erklärten,
442 2505 533 2544 nichts
555 2510 614 2539 von
635 2507 683 2539 der
705 2507 797 2547 Sache
818 2517 853 2547 zu
874 2508 980 2549 wissen.

115 2552 187 2586 Wir
210 2548 331 2588 nehmen
364 2547 448 2588 daher
483 2550 537 2582 mit
559 2550 718 2592 Vorbehalt
750 2551 852 2591 hievon
884 2552 979 2593 Notiz,

115 2597 215 2630 indem
238 2592 293 2625 wir
317 2592 398 2625 kaum
422 2594 553 2635 glauben,
577 2595 633 2635 daß
655 2596 722 2636 diese
745 2597 845 2638 Partie
866 2595 911 2630 bei
933 2598 981 2629 der

115 2640 255 2683 geringen
265 2637 456 2678 Popularität
466 2639 516 2671 der
525 2639 780 2683 Augustenburger,
806 2641 837 2674 in
848 2641 980 2682 Deutsch¬

112 2686 188 2719 land
212 2691 294 2724 gerne
318 2681 427 2722 gesehen
449 2684 555 2716 würde.

185 2728 252 2761 Wie
276 2727 320 2759 die
347 2727 436 2765 „Rep.
454 2728 567 2770 franç."
595 2730 664 2770 sagt,
689 2729 722 2768 ist
745 2730 981 2770 Frankreich

114 2773 185 2813 trotz
209 2773 257 2803 der
285 2771 514 2811 „Provokation"
552 2777 610 2805 von
643 2773 725 2807 Seite
757 2775 804 2806 der
841 2775 981 2812 „Kontre¬

116 2815 416 2854 revolutionspartei"
441 2816 536 2856 ruhig.
582 2818 651 2851 Das
673 2820 813 2858 genannte
826 2818 914 2852 Blatt
934 2820 979 2851 be¬

116 2863 185 2897 tont
208 2859 309 2901 jedoch,
335 2859 390 2898 daß
414 2864 443 2893 es
465 2860 539 2901 nicht
561 2861 639 2902 leicht
661 2862 707 2901 sei,
730 2862 798 2901 diese
821 2863 906 2902 ernste
920 2864 979 2896 und

115 2903 304 2941 dornenvolle
328 2904 543 2945 Angelegenheit
565 2915 599 2945 zu
623 2906 779 2947 erledigen;
815 2911 844 2939 es
867 2907 981 2948 bedürfe

113 2953 192 2991 dazu
214 2948 289 2989 nicht
311 2957 368 2980 nur
390 2949 552 2987 Ausdauer,
575 2951 695 2990 sondern
709 2951 926 2993 Hartnäckigkeit
949 2953 980 2986 in

112 2998 166 3031 der
190 2993 314 3028 Geduld.
362 2993 402 3026 Es
424 2993 528 3035 handle
550 2994 600 3035 sich
616 2996 727 3034 darum,
751 2996 818 3036 nach
837 2997 896 3029 und
911 2997 979 3037 nach

114 3042 161 3074 die
185 3037 323 3078 Maschen
361 3037 409 3070 des
432 3039 525 3080 Netzes
547 3048 581 3079 zu
604 3040 749 3080 zerreißen,
785 3041 898 3081 welches
931 3043 980 3074 der

115 3082 346 3121 Klerikalismus
368 3083 438 3115 über
461 3083 624 3126 denjenigen
646 3085 731 3124 Theil
763 3086 811 3117 der
846 3086 981 3127 französi¬

113 3131 195 3172 schen
217 3127 417 3168 Bevölkerung
438 3129 587 3169 geworfen,
624 3129 736 3169 welcher
768 3130 815 3163 bis
848 3130 907 3173 jetzt
927 3132 980 3163 den

114 3174 240 3218 größten
265 3171 385 3212 Einfluß
424 3173 476 3213 auf
509 3173 552 3206 die
585 3174 804 3216 Staatsleitung
840 3175 980 3216 ausgeübt

113 3219 199 3262 habe.
247 3217 347 3256 Dieses
368 3217 431 3259 Netz
453 3218 490 3257 sei
513 3226 547 3257 zu
569 3218 640 3259 groß
662 3219 721 3251 und
744 3229 778 3259 zu
798 3219 904 3260 schwer,
928 3230 979 3253 um

114 3270 147 3299 es
171 3272 209 3304 zu
230 3260 340 3302 heben;
368 3270 437 3294 man
460 3263 547 3303 müsse
569 3267 599 3296 es
626 3267 810 3305 „zernagen".
856 3265 980 3298 Erkenne

111 3318 187 3344 man
211 3306 319 3339 einmal
342 3306 500 3347 allgemein,
524 3307 579 3348 daß
604 3312 632 3340 es
655 3308 728 3348 nicht
750 3311 856 3350 genüge
870 3309 980 3343 klerikal

113 3364 152 3396 zu
176 3352 244 3392 sein,
281 3359 333 3383 um
355 3356 412 3384 von
435 3351 483 3384 der
506 3352 644 3391 Republik
668 3354 755 3386 etwas
777 3363 811 3393 zu
835 3354 977 3396 erlangen,

110 3401 142 3440 so
168 3396 260 3431 werde
294 3395 363 3436 diese
384 3396 486 3437 Partei
520 3406 558 3429 an
588 3391 689 3430 Kredit
721 3398 866 3431 verlieren.
914 3400 979 3433 Vor

111 3443 214 3478 Allem
235 3440 341 3481 handle
364 3444 393 3473 es
416 3441 466 3481 sich
488 3440 601 3480 darum,
625 3442 668 3474 die
690 3441 865 3483 bestehenden
878 3442 979 3486 Gesetze

110 3498 150 3531 zu
174 3484 341 3526 vollziehen,
379 3486 408 3517 d.
431 3485 460 3526 h.
484 3485 527 3518 die
549 3486 680 3526 Jesuiten
701 3488 759 3519 und
783 3488 883 3520 andere
906 3489 979 3529 nicht

110 3531 287 3568 anerkannte
322 3530 568 3571 Kongregationen
602 3540 636 3571 zu
670 3531 839 3566 verbannen.
888 3535 979 3567 Dann

111 3577 210 3613 werde
232 3583 303 3607 man
317 3574 371 3606 das
381 3574 660 3616 Regierungssystem
676 3576 792 3614 ändern,
815 3577 843 3609 d.
854 3577 884 3618 h.
900 3578 979 3619 jeden

109 3619 263 3657 klerikalen
286 3619 407 3659 Einfluß
444 3620 497 3660 auf
519 3620 561 3652 die
583 3620 801 3662 Staatsleitung
824 3623 976 3662 entfernen.

108 3668 155 3702 Es
179 3664 269 3704 müsse
291 3663 343 3704 sich
364 3664 465 3704 zeigen,
491 3664 526 3696 ob
549 3663 592 3697 die
603 3665 742 3705 Republik
764 3666 813 3706 für
835 3666 878 3699 die
895 3669 913 3699 8
930 3667 977 3701 bis

113 3714 158 3746 10
184 3707 348 3744 Millionen
362 3708 544 3748 arbeitsamer
559 3709 682 3751 Bürger,
706 3710 803 3751 welche
814 3711 977 3752 Frankreich

109 3756 203 3799 zählt,
228 3753 294 3786 oder
317 3753 366 3793 für
388 3752 431 3786 die
454 3753 635 3793 Sakristeien,
663 3754 707 3787 die
729 3754 977 3796 Kongregationen

109 3801 174 3836 und
199 3799 242 3832 die
266 3802 324 3831 von
336 3797 421 3838 ihnen
436 3798 578 3839 geleiteten
590 3799 706 3832 Salons
730 3800 853 3840 errichtet
863 3801 977 3835 worden

107 3847 159 3888 sei.
210 3842 311 3882 Dieses
334 3847 391 3875 von
414 3842 461 3875 der
484 3842 655 3883 thatsächlich
679 3844 710 3876 in
722 3844 884 3885 Frankreich
899 3845 976 3886 herr¬

107 3890 243 3931 schenden
256 3887 358 3929 Partei
379 3887 567 3928 ausgegebene
581 3888 756 3929 Programm
778 3890 814 3928 ist
836 3890 880 3922 ein
894 3891 976 3931 wich¬

106 3937 186 3977 tiges
202 3932 357 3972 Aktenstück
379 3931 438 3964 und
453 3932 526 3964 wird
537 3931 611 3973 nicht
622 3932 770 3974 verfehlen,
795 3934 865 3974 seine
876 3934 975 3969 Kreis¬

1024 1310 1123 1344 wellen
1146 1319 1180 1352 zu
1203 1312 1308 1353 werfen
1343 1317 1400 1346 von
1423 1313 1475 1346 den
1500 1314 1650 1348 Ardennen
1683 1315 1730 1348 bis
1764 1325 1798 1357 zu
1832 1317 1883 1350 den

1025 1356 1176 1397 Pyrenäen
1200 1357 1259 1389 und
1282 1362 1349 1390 vom
1371 1358 1551 1400 atlantischen
1573 1360 1672 1400 Ozean
1707 1360 1752 1394 bis
1775 1370 1809 1402 zu
1832 1362 1883 1395 den

1024 1400 1196 1441 Westalpen.
1252 1402 1309 1436 Die
1342 1402 1549 1441 Republikaner
1582 1404 1625 1437 im
1658 1412 1763 1446 ganzen
1792 1406 1883 1440 Lande

1023 1446 1108 1485 rufen
1131 1446 1199 1487 auch
1234 1447 1336 1480 bereits
1371 1448 1539 1490 einstimmig
1573 1458 1608 1490 zu
1641 1450 1694 1483 den
1728 1450 1881 1492 (geistigen)

1024 1489 1140 1529 Waffen
1164 1500 1248 1532 gegen
1270 1491 1324 1523 das
1343 1491 1550 1533 Pfaffenthum.
1596 1494 1677 1528 Man
1699 1494 1819 1535 begrüßt
1842 1496 1882 1536 so¬

1025 1542 1077 1575 gar
1101 1534 1159 1577 jetzt
1193 1536 1237 1569 die
1259 1536 1447 1578 Verwerfung
1481 1538 1529 1571 des
1550 1538 1617 1572 Art.
1643 1540 1673 1578 7,
1705 1548 1755 1572 um
1778 1541 1882 1582 energi¬

1024 1577 1109 1619 schere
1133 1580 1307 1622 Maßregeln
1330 1582 1464 1623 ergreifen
1485 1591 1520 1622 zu
1541 1583 1657 1616 können.
1705 1585 1772 1618 Das
1786 1584 1882 1618 Mini¬

1025 1623 1151 1663 sterium,
1176 1625 1263 1666 dessen
1278 1624 1445 1667 Mitglieder
1467 1627 1671 1668 größtentheils
1695 1628 1827 1669 jesuitisch
1839 1639 1881 1670 ge¬

1024 1668 1113 1708 sinnte
1136 1670 1252 1708 Frauen
1274 1669 1374 1710 haben,
1410 1671 1444 1711 ist
1475 1671 1521 1704 der
1544 1673 1615 1713 Lage
1637 1672 1711 1713 nicht
1733 1672 1881 1714 gewachsen

1024 1713 1083 1746 und
1106 1714 1177 1747 wird
1200 1714 1285 1755 daher
1308 1714 1374 1755 auch
1405 1715 1482 1755 wohl
1515 1716 1557 1749 die
1578 1717 1660 1756 Krise
1693 1718 1766 1757 nicht
1799 1718 1880 1751 über¬

1024 1757 1141 1791 dauern.
1187 1759 1364 1800 Namentlich
1387 1761 1458 1801 zeigt
1481 1760 1530 1801 sich
1552 1762 1599 1794 der
1622 1762 1770 1803 Präsident
1788 1763 1882 1804 Frey¬

1024 1801 1095 1836 cinet
1140 1803 1254 1844 schwach
1300 1804 1357 1837 und
1393 1805 1444 1844 soll
1478 1805 1520 1838 die
1553 1806 1636 1839 naive
1680 1807 1753 1846 Idee
1787 1808 1881 1849 gefaßt

1023 1846 1123 1886 haben,
1148 1848 1231 1889 durch
1254 1848 1345 1889 seinen
1366 1850 1535 1892 Vorgänger
1550 1851 1754 1892 Waddington,
1779 1852 1827 1885 der
1849 1853 1879 1885 in

1023 1892 1103 1925 Rom
1124 1893 1210 1932 weilt,
1244 1894 1296 1933 auf
1317 1893 1368 1927 den
1391 1895 1480 1935 Papst
1501 1895 1602 1928 wirken
1637 1904 1672 1936 zu
1694 1896 1788 1937 lassen,
1826 1897 1883 1936 daß

1025 1946 1062 1976 er,
1087 1937 1139 1970 wie
1164 1939 1249 1970 1845
1285 1938 1337 1977 auf
1366 1938 1499 1980 Guizot's
1521 1940 1642 1973 Antrieb
1676 1941 1792 1982 geschah,
1841 1942 1882 1975 die

1024 1981 1263 2022 Jesuitenschulen
1286 1982 1363 2022 selbst
1399 1993 1434 2024 zu
1468 1983 1599 2025 schließen
1633 1986 1766 2018 anordne.
1815 1988 1881 2021 Das

1024 2027 1120 2059 würde
1143 2027 1208 2060 aber
1240 2029 1323 2060 unter
1355 2028 1465 2069 jetzigen
1500 2029 1670 2069 Umständen
1704 2031 1791 2063 weder
1825 2037 1881 2065 von

1025 2071 1104 2104 Rom
1126 2072 1308 2112 zugestanden
1329 2074 1448 2112 werden,
1483 2074 1549 2114 noch
1582 2075 1615 2107 in
1638 2075 1801 2115 Frankreich
1837 2076 1879 2109 die

1024 2114 1194 2157 Aufregung
1216 2116 1377 2157 beruhigen.

1099 2158 1146 2197 In
1169 2159 1350 2197 Italien
1372 2161 1462 2193 treten
1483 2160 1526 2193 die
1548 2161 1588 2193 im
1612 2161 1811 2202 Ministerium
1833 2163 1882 2204 sich

1028 2203 1255 2237 vorbereitenden
1276 2204 1518 2246 Veränderungen
1540 2206 1641 2238 immer
1674 2206 1753 2247 mehr
1774 2208 1808 2240 in
1830 2209 1882 2241 den

1028 2247 1245 2290 Vordergrund.
1268 2249 1352 2288 Nach
1352 2249 1419 2288 dem
1446 2250 1624 2291 „Fanfulla"
1649 2250 1707 2292 hat
1707 2250 1879 2292 Zanardelli

1029 2293 1138 2331 erklärt,
1164 2302 1193 2325 er
1216 2294 1254 2333 sei
1276 2294 1348 2333 nicht
1370 2294 1524 2335 abgeneigt,
1548 2296 1579 2328 in
1602 2295 1676 2329 einer
1698 2297 1875 2338 Prinzipien¬

1026 2337 1106 2378 frage
1138 2346 1222 2379 gegen
1245 2339 1299 2370 das
1321 2339 1518 2379 Ministerium
1540 2349 1575 2380 zu
1596 2340 1725 2380 stimmen
1746 2342 1806 2374 und
1829 2342 1878 2383 sich

1026 2382 1080 2415 mit
1102 2382 1265 2424 denjenigen
1295 2383 1342 2416 der
1364 2384 1467 2417 Linken
1499 2384 1661 2426 feindlichen
1685 2386 1825 2425 Gruppen
1847 2396 1880 2426 zu

1026 2427 1228 2468 verständigen,
1263 2427 1359 2468 welche
1382 2429 1425 2461 die
1448 2434 1504 2463 von
1538 2429 1597 2470 ihm
1622 2430 1653 2462 in
1675 2431 1722 2463 der
1744 2431 1881 2464 Kammer

1028 2471 1068 2503 im
1103 2472 1219 2513 vorigen
1242 2472 1393 2513 Dezember
1426 2473 1615 2514 verfochtenen
1638 2473 1803 2517 Grundsätze
1831 2486 1881 2509 an¬

1026 2515 1145 2556 nehmen
1167 2518 1294 2550 würden.
1319 2517 1444 2551 General
1454 2517 1577 2559 Fabrizi,
1601 2518 1680 2560 heißt
1702 2524 1740 2558 es,
1763 2520 1883 2561 bemühe

1026 2560 1087 2601 sich,
1126 2561 1184 2593 eine
1217 2562 1431 2603 Uebereinkunft
1464 2563 1589 2603 zwischen
1622 2564 1788 2603 Zanardelli
1823 2566 1880 2599 und

1027 2605 1121 2645 Crispi
1153 2605 1228 2645 (dem
1251 2607 1440 2647 Bigamisten)
1472 2607 1710 2649 herbeizuführen.
1756 2610 1804 2648 In
1827 2611 1877 2642 den

1026 2650 1307 2690 parlamentarischen
1318 2652 1433 2691 Kreisen
1454 2652 1566 2692 schreibt
1586 2663 1657 2686 man
1678 2654 1816 2691 Depretis
1839 2655 1881 2688 die

1026 2694 1136 2734 Absicht
1157 2704 1202 2735 zu,
1226 2696 1266 2729 im
1290 2696 1395 2729 Verein
1417 2696 1473 2729 mit
1495 2697 1555 2730 dem
1570 2698 1711 2737 Zentrum
1726 2698 1776 2739 sich
1800 2700 1874 2732 einer

1027 2739 1176 2776 partiellen
1211 2740 1424 2780 Ministerkrisis
1461 2750 1496 2781 zu
1532 2741 1693 2781 bequemen,
1731 2752 1781 2775 um
1821 2744 1878 2777 eine

1026 2782 1136 2823 Lösung
1158 2784 1205 2816 der
1216 2784 1472 2825 Mahlsteuerfrage
1487 2784 1725 2827 herbeizuführen,
1751 2788 1778 2826 so
1796 2793 1879 2828 zwar,

1025 2827 1083 2867 daß
1105 2837 1134 2859 er
1155 2828 1187 2860 in
1209 2830 1257 2861 der
1280 2829 1511 2869 Präsidentschaft
1532 2831 1579 2863 des
1603 2830 1743 2864 Kabinets
1766 2832 1879 2865 Cairoli

1026 2872 1133 2912 ersetzen
1167 2873 1225 2905 und
1256 2873 1309 2905 das
1330 2873 1528 2914 Ministerium
1561 2875 1616 2908 mit
1638 2875 1800 2909 Elementen
1834 2879 1880 2910 der

1025 2916 1201 2957 gemäßigten
1239 2918 1339 2950 Linken
1381 2920 1514 2959 ergänzen
1554 2920 1660 2952 würde.
1718 2921 1795 2961 Nach
1834 2923 1880 2954 der

1029 2961 1160 2998 „Roma"
1199 2962 1233 3002 ist
1267 2965 1298 2995 es
1329 2962 1556 3004 wahrscheinlich,
1595 2965 1651 3004 daß
1685 2966 1779 3005 Crispi
1812 2967 1880 3000 über

1024 3005 1067 3037 die
1080 3005 1213 3047 Haltung
1236 3006 1284 3039 des
1297 3007 1436 3040 Kabinets
1459 3008 1489 3040 in
1501 3008 1547 3041 der
1560 3009 1668 3048 äußern
1680 3010 1788 3051 Politik
1801 3012 1878 3045 einen

1025 3049 1138 3090 Antrag
1169 3049 1289 3092 bringen
1310 3052 1407 3090 werde,
1443 3053 1495 3085 den
1520 3054 1562 3086 die
1584 3053 1685 3094 Rechte
1718 3057 1877 3097 verwerfen,

1025 3093 1067 3126 die
1090 3094 1236 3136 Mehrheit
1257 3096 1315 3128 und
1337 3096 1389 3129 das
1408 3097 1604 3138 Ministerium
1627 3098 1694 3132 aber
1722 3100 1879 3139 annehmen

1023 3139 1150 3171 würden.
1197 3141 1254 3173 Bei
1276 3141 1361 3179 diesen
1395 3142 1540 3182 würdigen
1563 3142 1705 3183 Schülern
1733 3144 1878 3186 Macchia¬

1024 3183 1119 3217 velli's
1142 3183 1212 3225 muß
1235 3184 1307 3218 alles
1330 3186 1380 3226 auf
1403 3186 1465 3219 dem
1483 3187 1567 3228 Wege
1590 3188 1637 3220 der
1658 3187 1805 3230 Intrigue
1829 3197 1879 3223 vor

1025 3227 1074 3268 sich
1098 3228 1203 3269 gehen!

1092 3275 1289 3316 Scheußliches
1300 3276 1503 3317 Räuberwesen
1514 3279 1614 3311 dauert
1627 3279 1659 3311 in
1669 3280 1717 3313 der
1735 3281 1880 3315 Türkei

1026 3319 1092 3358 fort.
1138 3320 1186 3358 In
1208 3321 1269 3353 dem
1293 3321 1467 3355 Vaterlande
1488 3322 1661 3362 Alexanders
1689 3325 1736 3357 des
1760 3324 1876 3366 Großen

1025 3363 1176 3404 beherrscht
1198 3365 1285 3405 selbes
1307 3366 1349 3398 die
1371 3366 1625 3408 Einwohnerschaft
1657 3370 1877 3409 unumschränkt.

1025 3408 1090 3442 Mit
1124 3409 1170 3441 der
1204 3410 1316 3448 Bande,
1350 3411 1447 3452 welche
1480 3412 1532 3445 den
1566 3412 1715 3454 englischen
1742 3415 1879 3455 Obersten

1025 3452 1127 3494 Synge
1161 3453 1297 3495 gefangen
1318 3455 1390 3495 hält,
1426 3456 1521 3495 mußte
1555 3457 1599 3489 die
1633 3459 1800 3498 osmanische
1824 3461 1877 3493 Re¬

1025 3498 1144 3539 gierung
1177 3499 1230 3531 wie
1263 3499 1317 3532 mit
1350 3500 1423 3533 einer
1447 3501 1546 3540 Macht
1579 3503 1793 3543 unterhandeln,
1830 3504 1879 3545 hat

1025 3542 1091 3575 aber
1113 3542 1180 3582 noch
1203 3543 1260 3576 kein
1283 3544 1412 3584 Resultat
1436 3545 1537 3585 erzielt,
1561 3546 1597 3579 da
1620 3547 1662 3580 die
1685 3547 1801 3580 Räuber
1826 3550 1878 3582 mit

1026 3587 1146 3625 10,000
1169 3588 1317 3628 türkischen
1338 3589 1438 3630 Pfund
1460 3590 1586 3631 Lösegeld
1620 3592 1680 3625 und
1703 3592 1777 3625 einer
1799 3593 1872 3627 Am¬

1025 3632 1107 3672 nestie
1130 3631 1204 3673 nicht
1227 3633 1366 3673 zufrieden
1388 3634 1457 3675 sind.

1090 3675 1168 3715 Zum
1196 3676 1287 3716 Zweck
1319 3677 1366 3710 der
1399 3678 1875 3722 nordamerikanischen

1022 3719 1285 3761 Präsidentenwahl
1316 3721 1407 3761 haben
1434 3722 1477 3754 die
1499 3723 1686 3757 Demokraten
1719 3725 1778 3766 ihre
1806 3735 1875 3765 „na¬

1022 3764 1147 3797 tionale"
1166 3765 1461 3805 Partei-Konvention
1484 3767 1550 3808 nach
1563 3768 1727 3802 Cincinnati
1750 3770 1802 3810 auf
1824 3771 1875 3803 den

1024 3811 1076 3841 22.
1100 3809 1180 3848 Juni
1204 3810 1270 3850 (wie
1292 3810 1334 3842 die
1356 3811 1563 3851 Republikaner
1587 3812 1654 3853 nach
1679 3814 1799 3854 Chicago
1825 3816 1875 3856 auf

1022 3853 1073 3886 den
1099 3856 1129 3885 2.
1154 3853 1246 3895 Juni)
1271 3855 1416 3897 festgesetzt.
1440 3856 1497 3890 Die
1511 3857 1676 3899 Bewegung
1698 3868 1732 3898 zu
1747 3858 1875 3900 Gunsten

1022 3897 1148 3931 Grant's
1169 3898 1275 3932 nimmt
1296 3901 1380 3933 unter
1401 3901 1455 3933 den
1466 3901 1693 3940 Republikanern
1714 3903 1800 3936 leider
1822 3914 1874 3945 zu;

1021 3942 1065 3975 die
1087 3942 1412 3986 Partei-Abgeordneten
1439 3945 1487 3977 der
1509 3946 1573 3986 zwei
1597 3946 1715 3988 größten
1738 3948 1872 3987 Staaten,

1931 1323 2087 1366 New-York
2110 1327 2168 1361 und
2189 1328 2420 1369 Pennsilvanien,
2444 1330 2535 1372 haben
2557 1330 2607 1372 sich
2631 1332 2661 1365 in
2684 1332 2785 1373 Mehr¬

1932 1368 1987 1408 heit
2020 1371 2067 1408 für
2090 1371 2187 1405 Grant
2222 1373 2344 1415 erklärt;
2379 1374 2444 1415 doch
2482 1375 2570 1416 macht
2594 1376 2653 1417 ihm
2677 1378 2785 1411 Blaine

1932 1417 1987 1446 aus
2009 1414 2113 1449 Maine
2133 1417 2285 1459 immerhin
2307 1419 2377 1460 stark
2400 1420 2453 1453 das
2478 1420 2549 1459 Feld
2570 1420 2686 1463 streitig.

2207 1504 2496 1556 Schweiz.

1997 1546 2229 1591 Nationalbahn.
2253 1549 2321 1583 Von
2337 1550 2398 1582 dem
2415 1550 2566 1591 Schreiben
2590 1552 2638 1584 des
2650 1552 2782 1585 Bundes¬

1929 1590 2026 1631 rathes
2047 1601 2085 1624 an
2108 1592 2151 1625 die
2175 1593 2385 1635 Eidgenössische
2407 1595 2500 1633 Bank,
2524 1596 2575 1635 auf
2597 1596 2711 1636 welches
2732 1597 2782 1637 sich

1930 1634 1977 1667 der
2000 1636 2141 1669 Vertreter
2175 1638 2222 1670 der
2256 1638 2363 1680 letztern
2397 1648 2436 1672 an
2469 1640 2518 1672 der
2549 1640 2781 1683 Nationalbahn¬

1930 1679 2084 1722 steigerung
2105 1681 2201 1723 berief,
2224 1682 2257 1721 ist
2269 1682 2336 1724 auch
2351 1684 2398 1716 der
2414 1683 2609 1724 zürcherischen
2621 1686 2781 1727 Regierung

1931 1724 2075 1765 Kenntniß
2097 1726 2216 1769 gegeben
2238 1728 2359 1761 worden.
2394 1729 2455 1762 Der
2478 1729 2663 1770 Bundesrath
2687 1730 2781 1771 theilte

1930 1768 1976 1801 der
2010 1770 2116 1810 letztern
2150 1772 2204 1804 mit
2226 1771 2377 1811 Schreiben
2412 1777 2477 1806 vom
2508 1774 2559 1806 12.
2583 1774 2671 1814 März
2705 1775 2779 1808 mit:

1934 1813 1999 1852 „der
2015 1814 2243 1856 Eidgenössischen
2254 1817 2336 1850 Bank
2351 1817 2398 1849 als
2423 1818 2593 1852 eventuellen
2605 1820 2779 1853 Erwerberin

1929 1858 1976 1890 der
1989 1858 2205 1901 Nationalbahn
2226 1861 2262 1900 sei
2285 1862 2336 1902 auf
2357 1861 2404 1902 ihr
2416 1861 2519 1902 Gesuch
2542 1863 2642 1897 erklärt
2656 1865 2777 1904 worden,

1929 1902 1987 1943 daß
2015 1904 2062 1936 der
2084 1904 2278 1946 Bundesrath,
2315 1913 2396 1939 wenn
2431 1906 2472 1940 die
2495 1908 2711 1949 Nationalbahn
2732 1908 2778 1950 ihr

1928 1948 2118 1989 zugeschlagen
2140 1950 2249 1982 werden
2272 1951 2359 1990 sollte,
2394 1951 2486 1985 keinen
2509 1953 2636 1991 Anstand
2659 1953 2777 1994 nehmen

1929 1993 2025 2030 werde,
2060 1993 2102 2026 die
2124 1993 2171 2027 der
2193 1995 2389 2036 Nordostbahn
2425 1996 2560 2030 eventuell
2595 1998 2778 2038 zuerkannten

1928 2036 2129 2079 Aenderungen
2152 2048 2192 2072 an
2213 2039 2264 2072 den
2275 2039 2475 2081 Konzessionen
2496 2042 2543 2074 der
2557 2042 2778 2084 Nationalbahn

1928 2081 1996 2121 auch
2019 2082 2066 2122 für
2089 2084 2124 2123 sie
2147 2084 2279 2117 eintreten
2302 2094 2336 2125 zu
2358 2084 2453 2125 lassen,
2478 2086 2630 2128 immerhin
2653 2087 2707 2120 mit
2729 2088 2776 2121 der

1928 2125 1959 2159 in
1992 2127 2040 2159 der
2062 2127 2158 2161 Natur
2191 2128 2238 2161 der
2260 2128 2351 2169 Sache
2383 2130 2525 2172 liegenden
2555 2131 2774 2174 Beschränkung,

1928 2170 1984 2211 daß
2006 2172 2142 2210 derselben
2165 2173 2252 2206 weder
2274 2174 2321 2206 der
2333 2173 2462 2215 Abbruch
2474 2176 2521 2208 der
2533 2176 2640 2210 Strecke
2651 2177 2775 2210 Winter¬

1927 2215 2156 2256 thur-Effretikon
2190 2218 2258 2256 noch
2286 2219 2330 2251 die
2353 2219 2529 2262 Einstellung
2559 2221 2611 2254 des
2632 2221 2777 2255 Betriebes

1927 2261 1978 2300 auf
1989 2261 2050 2294 dem
2061 2261 2167 2302 Geleise
2177 2263 2519 2306 Otelfingen-Wettingen
2531 2266 2654 2306 gestattet
2669 2267 2776 2300 werden

1927 2306 2052 2340 könnte."

1994 2350 2130 2392 Schweiz.
2155 2351 2406 2386 Gewerbeverein.
2452 2353 2513 2386 Bis
2533 2353 2592 2394 jetzt
2613 2353 2704 2395 haben
2724 2355 2777 2388 wie

1926 2393 1981 2426 wir
2003 2395 2052 2426 den
2080 2395 2191 2432 „Wint.
2215 2395 2336 2435 Nachr."
2364 2397 2535 2438 entnehmen,
2557 2397 2638 2438 ihren
2659 2399 2777 2432 Beitritt

1925 2446 1989 2478 zum
2002 2438 2259 2480 „Schweizerischen
2268 2439 2512 2474 Gewerbeverein"
2529 2442 2642 2476 erklärt:
2655 2443 2774 2485 Zürich:

1927 2482 2225 2524 Gewerbeschulverein
2236 2485 2284 2518 der
2295 2486 2386 2519 Stadt
2394 2486 2509 2526 Zürich,
2520 2486 2776 2528 Gewerbemuseum

1925 2528 2039 2569 Zürich,
2062 2528 2244 2568 Handwerks-
2268 2531 2327 2562 und
2351 2530 2576 2565 Gewerbeverein
2595 2533 2776 2573 Winterthur

1926 2573 2006 2610 sowie
2035 2573 2088 2605 das
2111 2573 2367 2615 Gewerbemuseum
2399 2576 2431 2607 in
2453 2575 2649 2618 Winterthur;
2674 2578 2774 2611 Bern:

1925 2616 2069 2650 kantonale
2084 2618 2210 2659 Muster-
2222 2618 2279 2652 und
2291 2619 2574 2661 Modellgesellschaft,
2588 2622 2774 2661 Handwerks¬

1925 2661 1984 2694 und
2012 2662 2238 2696 Gewerbeverein
2271 2663 2320 2696 der
2341 2665 2433 2698 Stadt
2464 2666 2552 2703 Bern,
2590 2666 2775 2706 Handwerks¬

1925 2706 1984 2739 und
2007 2706 2232 2740 Gewerbeverein
2244 2713 2302 2742 von
2317 2709 2477 2751 Burgdorf;
2494 2710 2613 2750 Luzern:
2631 2710 2774 2744 Gewerbe¬

1923 2750 2019 2783 verein
2039 2751 2088 2783 der
2103 2750 2195 2785 Stadt
2209 2752 2327 2793 Luzern;
2343 2750 2514 2793 Baselstadt:
2531 2754 2772 2797 Gewerbeverein;

1926 2794 2101 2836 Baselland:
2136 2795 2360 2831 Gewerbeverein
2394 2797 2515 2839 Liestal;
2551 2798 2774 2840 Schaffhausen:

1926 2838 2095 2880 Technischer
2124 2841 2277 2880 Leseverein
2308 2841 2519 2883 Schaffhausen,
2550 2842 2775 2878 Gewerbeverein

1925 2884 2012 2917 Stein
2034 2893 2060 2916 a.
2085 2884 2162 2926 Rh.;
2186 2886 2357 2927 Appenzell:
2382 2886 2610 2920 Gewerbeverein
2631 2889 2773 2931 Herisau;

1925 2929 2062 2970 Aargau:
2099 2929 2283 2970 Handwerks-
2313 2931 2371 2964 und
2404 2931 2629 2966 Gewerbeverein
2652 2934 2773 2975 Aarau;

1924 2972 2078 3014 Thurgau:
2085 2973 2311 3008 Gewerbeverein
2317 2976 2498 3017 Frauenfeld.
2522 2977 2625 3019 Einige
2625 2977 2774 3019 Beitritts¬

1925 3018 2105 3059 erklärungen
2138 3019 2227 3060 stehen
2260 3020 2326 3059 noch
2360 3021 2391 3053 in
2427 3020 2513 3062 naher
2535 3022 2674 3063 Aussicht,
2707 3024 2773 3064 auch

1924 3062 2009 3102 solche
2030 3066 2085 3096 aus
2108 3063 2155 3096 der
2185 3064 2378 3106 französischen
2401 3066 2534 3106 Schweiz,
2557 3068 2685 3107 woselbst
2706 3077 2774 3102 man

1925 3106 1990 3140 aber
2012 3106 2271 3148 begreiflicherweise
2293 3110 2397 3149 vorerst
2420 3110 2467 3143 ins
2483 3111 2671 3153 Französische
2693 3113 2775 3146 über¬

1923 3152 1992 3192 setzte
2014 3152 2153 3185 Statuten
2176 3152 2306 3194 wünscht,
2330 3154 2455 3194 welchem
2469 3156 2606 3197 Wunsche
2628 3157 2774 3198 jedenfalls

1923 3196 2064 3237 möglichst
2086 3196 2152 3230 bald
2176 3199 2463 3239 entgegenzukommen
2486 3200 2529 3240 ist.

1990 3245 2053 3279 Der
2076 3244 2194 3288 schweiz.
2218 3246 2405 3281 Turnverein
2445 3247 2496 3288 hat
2530 3247 2650 3289 mehrere
2673 3249 2773 3283 Einla¬

1924 3288 2036 3330 dungen
2057 3298 2092 3329 zu
2107 3290 2273 3330 Turnfesten
2295 3291 2337 3323 im
2347 3291 2498 3324 Auslande
2520 3292 2652 3332 erhalten,
2684 3294 2713 3333 so
2735 3304 2774 3328 an

1923 3332 1964 3364 die
1988 3334 2135 3374 Turnfeste
2158 3334 2189 3367 in
2201 3334 2489 3375 Clermont-Ferrand
2512 3337 2569 3369 und
2593 3338 2633 3371 La
2645 3337 2773 3379 Rochelle

1925 3377 2113 3418 (Frankreich)
2137 3379 2196 3412 und
2219 3388 2256 3411 an
2278 3379 2331 3412 das
2346 3379 2463 3420 deutsche
2479 3382 2612 3422 Turnfest
2624 3383 2653 3415 in
2665 3383 2771 3421 Frank¬

1923 3422 1984 3462 furt
2007 3432 2034 3455 a.
2047 3423 2109 3461 M.,
2132 3423 2228 3463 welche
2249 3424 2402 3465 sämmtlich
2425 3425 2465 3457 im
2477 3425 2562 3464 Laufe
2585 3426 2670 3466 dieses
2683 3427 2772 3461 Som¬

1923 3470 1998 3499 mers
2032 3467 2198 3508 abgehalten
2231 3469 2348 3501 werden.
2409 3469 2456 3503 An
2494 3470 2545 3502 den
2579 3471 2771 3513 französischen

1923 3512 2090 3552 Turnfesten
2111 3512 2285 3554 beabsichtigt
2306 3514 2354 3546 der
2383 3513 2498 3555 schweiz.
2522 3515 2700 3550 Turnverein
2721 3517 2771 3558 sich

1922 3555 1994 3596 nicht
2016 3558 2152 3590 vertreten
2174 3567 2209 3598 zu
2231 3558 2336 3608 lassen;
2360 3559 2480 3599 dagegen
2503 3559 2564 3599 hält
2588 3565 2618 3593 es
2639 3561 2692 3594 das
2712 3562 2771 3595 Ko¬

1922 3601 1989 3634 mite
1999 3601 2049 3641 für
2058 3601 2181 3643 nützlich,
2195 3602 2282 3643 einige
2293 3603 2495 3643 schweizerische
2505 3605 2628 3644 Turner,
2641 3609 2770 3639 nament¬

1921 3644 1972 3686 lich
1995 3646 2087 3686 solche,
2110 3647 2154 3679 die
2176 3647 2217 3679 im
2238 3647 2483 3681 Nationalturnen
2512 3649 2560 3689 sich
2585 3650 2770 3690 auszeichnen,

1922 3688 1988 3730 nach
2012 3690 2167 3731 Frankfurt
2188 3700 2216 3724 a.
2240 3692 2290 3726 M.
2321 3701 2355 3732 zu
2377 3692 2484 3732 senden.
2531 3693 2587 3727 Ein
2621 3695 2772 3738 Vorschlag

1922 3734 1953 3766 in
1986 3735 2084 3775 diesem
2108 3735 2203 3770 Sinne
2235 3735 2288 3776 soll
2321 3738 2367 3769 der
2401 3737 2772 3782 Delegirtenversammlung

1922 3779 2102 3812 unterbreitet
2123 3781 2242 3814 werden.
2288 3781 2398 3822 Letztere
2421 3782 2453 3823 ist
2476 3782 2528 3823 auf
2548 3783 2602 3817 den
2638 3785 2689 3817 17.
2712 3786 2771 3819 und

1924 3824 1975 3856 18.
1999 3824 2086 3863 April
2107 3825 2174 3866 nach
2197 3825 2258 3858 dem
2281 3826 2383 3867 Casino
2406 3826 2437 3859 in
2448 3827 2527 3860 Bern
2539 3826 2699 3869 einberufen
2713 3831 2771 3864 und

1920 3867 1969 3908 hat
2008 3868 2056 3909 sich
2091 3869 2177 3903 neben
2212 3870 2317 3903 andern
2350 3870 2771 3914 Verhandlungsgegenständen

1921 3911 1989 3952 auch
2011 3914 2065 3946 mit
2094 3914 2146 3947 den
2168 3914 2356 3956 Vorschlägen
2389 3915 2438 3948 des
2458 3916 2706 3955 Zentralkomite's
2738 3918 2772 3953 in

1922 3957 2030 3998 Betreff
2052 3958 2100 3990 des
2122 3958 2352 4000 Festreglements
2374 3968 2410 4000 zu
2431 3958 2557 4001 befassen.

2902 1342 3020 1387 Zürich.
3065 1346 3127 1379 Der
3153 1346 3349 1384 „Oberländer
3364 1349 3455 1383 Bote"
3481 1350 3513 1384 in
3535 1352 3691 1393 Lörrach

2831 1385 2941 1425 schreibt
2965 1397 3014 1421 am
3039 1390 3089 1422 13.
3114 1391 3219 1431 März:
3255 1392 3420 1433 Gegenüber
3453 1395 3500 1427 der
3523 1396 3683 1438 Erklärung

2831 1431 2878 1462 des
2900 1432 2997 1472 Herrn
3007 1433 3273 1474 Polizeilieutenant
3294 1437 3510 1479 Buchmann
3531 1440 3564 1473 in
3578 1441 3683 1482 Zürich

2829 1474 2916 1510 bleibt
2938 1477 3086 1511 Stumm
3121 1480 3173 1520 auf
3195 1481 3246 1513 das
3269 1481 3458 1524 bestimmteste
3487 1483 3531 1517 bei
3554 1485 3601 1517 der
3623 1486 3682 1519 Be¬

2829 1519 2988 1562 hauptung,
3012 1522 3067 1563 daß
3091 1533 3118 1556 er
3140 1524 3191 1565 sich
3215 1526 3245 1558 in
3257 1526 3362 1567 Zürich
3376 1528 3456 1561 krank
3478 1530 3614 1570 gemeldet
3626 1530 3685 1563 und

2829 1568 2895 1597 vom
2918 1565 3151 1609 Gefängnißarzt,
3178 1570 3229 1603 den
3252 1579 3281 1602 er
3304 1571 3351 1604 als
3375 1572 3453 1605 einen
3476 1573 3597 1614 ziemlich
3617 1583 3682 1615 gro¬

2827 1608 2880 1649 ßen
2903 1611 3005 1644 Mann
3028 1612 3081 1645 mit
3113 1613 3338 1654 weiß-melirtem
3365 1616 3502 1651 Vollbart
3524 1618 3678 1659 beschreibt,

2828 1654 2888 1686 vier
2909 1655 3022 1696 Pulver
3044 1658 3191 1691 verordnet
3212 1659 3370 1694 bekommen
3391 1661 3469 1701 habe.
3495 1663 3570 1704 Nach
3594 1664 3681 1703 seiner

2827 1696 2977 1741 Genesung
2996 1700 3095 1735 erklärt
3129 1712 3158 1735 er
3181 1702 3229 1744 sich
3256 1703 3351 1743 bereit,
3390 1706 3458 1746 diese
3480 1707 3677 1750 Behauptung

2824 1741 2898 1782 jeder
2919 1744 3049 1785 Behörde
3069 1747 3224 1787 gegenüber
3245 1758 3281 1788 zu
3301 1751 3447 1784 vertreten.
3476 1768 3511 1774 —
3537 1753 3615 1792 Auch
3638 1753 3684 1785 die

2825 1787 2931 1821 Basler
2978 1790 3203 1832 Polizeibehörde
3235 1792 3402 1836 rechtfertigt
3436 1795 3481 1835 ihr
3519 1797 3680 1838 Verfahren

2825 1833 2979 1873 gegenüber
3001 1834 3144 1876 Stumm;
3182 1836 3265 1877 dieser
3286 1837 3322 1878 sei
3356 1838 3403 1879 ihr
3436 1840 3483 1873 als
3516 1842 3678 1882 wiederholt

2824 1882 2917 1918 wegen
2939 1879 3052 1911 Bettels
3074 1880 3218 1921 bestrafter
3248 1883 3367 1923 Vagant
3400 1883 3516 1917 bekannt
3550 1887 3678 1927 gewesen,

2824 1930 2852 1953 er
2874 1921 2950 1962 hätte
2973 1923 3024 1963 sich
3045 1924 3091 1957 der
3113 1926 3264 1967 sofortigen
3285 1927 3460 1969 Abführung
3483 1929 3588 1971 gefügt,
3608 1930 3680 1971 ohne

2826 1965 2870 1998 ein
2893 1966 2980 2000 Wort
3001 1968 3095 2002 davon
3117 1979 3152 2010 zu
3175 1971 3266 2012 sagen,
3298 1972 3355 2011 daß
3386 1982 3414 2005 er
3436 1974 3515 2007 krank
3536 1976 3602 2008 oder
3624 1984 3681 2008 un¬

2826 2010 2902 2052 wohl
2924 2012 2972 2052 sei,
2997 2012 3063 2053 auch
3086 2014 3123 2053 sei
3145 2014 3213 2055 nach
3234 2016 3283 2048 der
3304 2017 3503 2059 Versicherung
3535 2019 3585 2052 des
3607 2020 3678 2060 Per¬

2821 2055 3027 2097 sonalführers,
3050 2058 3099 2091 der
3119 2059 3165 2091 die
3187 2061 3366 2100 Transporte
3387 2062 3580 2104 auszuführen
3601 2064 3673 2104 resp.

2822 2109 2856 2140 zu
2889 2100 3101 2144 beaufsichtigen
3130 2103 3191 2144 hat,
3229 2104 3317 2144 nichts
3356 2110 3413 2139 von
3445 2107 3494 2140 der
3526 2108 3680 2149 Krankheit

2821 2144 3066 2187 wahrgenommen
3089 2148 3212 2181 worden.
3257 2150 3338 2190 Diese
3361 2149 3461 2192 letztere
3480 2152 3676 2196 Behauptung

2821 2188 2889 2230 steht
2910 2190 2965 2223 mit
2987 2191 3034 2223 der
3056 2192 3390 2235 Beaufsichtigungsgabe
3413 2196 3460 2229 des
3482 2197 3603 2239 letzteren
3617 2199 3676 2231 Be¬

2822 2236 2915 2267 amten
2938 2235 2991 2275 auf
3021 2237 3199 2276 gespanntem
3221 2238 3297 2278 Fuß.
3343 2240 3430 2274 Denn
3458 2241 3608 2282 Thatsache
3630 2243 3674 2283 ist,

2821 2278 2877 2318 daß
2899 2280 3023 2313 Stumm
3045 2289 3092 2314 am
3111 2284 3139 2313 5.
3153 2281 3292 2321 Februar,
3316 2284 3456 2326 Mittags,
3481 2286 3526 2319 als
3534 2287 3672 2328 Typhus¬

2821 2323 2928 2356 kranker
2952 2324 2984 2356 in
3018 2324 3064 2358 der
3087 2326 3200 2366 zweiten
3220 2327 3320 2366 Woche
3356 2329 3402 2362 der
3436 2330 3587 2371 Krankheit
3621 2332 3676 2366 mit

2821 2367 2920 2408 hohem
2941 2368 3045 2407 Fieber
3076 2371 3136 2403 und
3170 2372 3335 2410 quälendem
3365 2374 3472 2414 Husten
3504 2375 3553 2408 ins
3574 2376 3675 2417 hiesige

2822 2412 2925 2451 Spital
2948 2414 3165 2454 aufgenommen
3188 2417 3299 2450 worden
3321 2417 3356 2457 ist
3382 2419 3440 2451 und
3463 2419 3519 2461 daß
3541 2420 3589 2453 der
3611 2421 3673 2453 An¬

2821 2457 2890 2497 fang
2912 2458 2960 2490 der
2983 2458 3136 2500 Krankheit
3170 2459 3281 2500 jenseits
3316 2462 3365 2494 der
3390 2463 3432 2495 im
3454 2464 3675 2506 Dunkel-Arrest

2821 2510 2856 2541 zu
2878 2502 2982 2542 Zürich
3005 2503 3200 2545 zugebrachten
3221 2506 3299 2547 Tage
3321 2506 3375 2540 mit
3385 2507 3541 2549 Sicherheit
3562 2510 3669 2550 zurück¬

2821 2546 2908 2579 datirt
2930 2547 3039 2580 werden
3061 2549 3161 2589 muß."

2891 2607 2926 2614 —
2955 2591 3024 2625 Von
3046 2592 3098 2626 den
3120 2594 3223 2635 Pfarr-
3245 2594 3303 2627 und
3326 2595 3545 2637 Lehrerwahlen,
3571 2598 3612 2631 die
3635 2607 3674 2632 an

2820 2635 2871 2668 den
2904 2635 3000 2669 beiden
3033 2636 3125 2678 letzten
3159 2639 3330 2680 Sonntagen
3368 2640 3512 2682 vollzogen
3546 2643 3671 2682 wurden,

2818 2679 2909 2713 bieten
2942 2680 2988 2713 die
3009 2683 3066 2715 von
3088 2683 3355 2724 Männedorf
3388 2685 3433 2718 ein
3465 2687 3587 2727 gewisses
3609 2688 3670 2726 In¬

2819 2723 2920 2764 teresse,
2942 2725 3011 2758 weil
3031 2726 3066 2766 sie
3089 2727 3256 2768 einstimmig
3267 2729 3330 2760 oder
3353 2729 3417 2769 doch
3438 2730 3493 2769 fast
3504 2732 3672 2774 einstimmig

2821 2768 2922 2810 erfolgt
2944 2770 3014 2809 sind.
3038 2770 3103 2804 Wie
3125 2775 3184 2804 uns
3206 2772 3326 2812 nämlich
3349 2779 3406 2807 von
3421 2774 3484 2807 dort
3506 2775 3673 2817 mitgetheilt

2821 2813 2901 2852 wird,
2926 2813 3025 2854 erhielt
3035 2814 3155 2856 Pfarrer
3168 2814 3298 2856 Schuster
3320 2822 3378 2851 von
3394 2819 3458 2850 210
3471 2819 3670 2854 Stimmenden

2822 2859 2896 2896 208,
2930 2859 2978 2890 der
3014 2859 3070 2892 eine
3104 2860 3151 2892 der
3174 2860 3273 2901 Lehrer
3304 2866 3362 2896 von
3385 2864 3449 2895 212
3473 2864 3672 2899 Stimmenden

2822 2903 2884 2933 209
2920 2903 2980 2935 und
3016 2902 3058 2936 die
3080 2904 3137 2937 drei
3172 2904 3291 2947 übrigen
3312 2906 3412 2948 Lehrer
3446 2908 3581 2950 ebenfalls
3615 2915 3671 2943 von

2822 2947 2885 2978 212
2910 2947 3111 2981 Stimmenden
3144 2948 3216 2989 jeder
3251 2952 3313 2982 212
3345 2951 3500 2989 Stimmen,
3536 2954 3595 2993 also
3630 2954 3673 2988 die

2819 2990 2893 3024 volle
2915 2992 3138 3034 Stimmenzahl.

2889 3053 2925 3062 —
2952 3037 3015 3071 Der
3047 3037 3290 3080 Regierungsrath
3327 3039 3377 3080 hat
3411 3041 3462 3074 das
3496 3042 3671 3084 Frühlings¬

2819 3080 2994 3119 referendum
3017 3082 3067 3123 auf
3089 3083 3139 3115 den
3165 3085 3196 3115 9.
3212 3084 3283 3117 Mai
3304 3086 3450 3126 angesetzt;
3474 3095 3524 3126 zur
3547 3087 3671 3126 Abstim¬

2821 3134 2908 3167 mung
2941 3126 3067 3158 kommen
3088 3127 3131 3159 die
3153 3127 3248 3161 beiden
3271 3128 3371 3170 Gesetze
3401 3130 3469 3163 über
3492 3131 3533 3164 die
3556 3132 3670 3172 Rechts¬

2819 3170 2906 3210 pflege
2943 3171 3003 3203 und
3036 3170 3105 3204 über
3137 3172 3190 3204 den
3211 3173 3323 3206 Markt-
3361 3174 3420 3207 und
3442 3175 3667 3217 Hausirverkehr,

2819 3215 2899 3253 sowie
2931 3215 2985 3247 das
3008 3215 3281 3257 Initiativbegehren
3313 3217 3460 3259 betreffend
3484 3219 3671 3264 Abschaffung

2819 3258 2867 3291 des
2890 3258 3118 3302 Impfzwanges.

2884 3304 2977 3339 Bern.
3001 3305 3062 3338 Der
3083 3306 3222 3339 Nummer
3241 3309 3262 3338 2
3284 3307 3332 3339 des
3359 3307 3536 3348 „Katholik",
3562 3310 3667 3350 schwei¬

2817 3347 2942 3389 zerisches
2954 3349 3059 3388 Organ
3082 3350 3130 3390 für
3144 3350 3298 3391 kirchlichen
3310 3352 3482 3392 Fortschritt,
3507 3354 3671 3395 entnehmen

2817 3392 2880 3430 wir,
2915 3393 2973 3433 daß
2995 3394 3051 3426 Dr.
3075 3395 3184 3435 Herzog
3210 3395 3254 3428 bei
3276 3396 3361 3436 seiner
3384 3394 3587 3439 Anerkennung
3622 3399 3670 3433 als

2817 3435 2928 3477 Bischof
2960 3438 3012 3478 auf
3032 3437 3109 3477 jeden
3131 3439 3402 3481 Professorengehalt
3434 3441 3575 3482 verzichtet
3597 3443 3668 3483 hat;

2817 3481 2863 3513 als
2886 3481 2998 3522 Bischof
3022 3482 3125 3523 erhalte
3148 3493 3176 3515 er
3199 3489 3255 3517 von
3277 3485 3327 3517 den
3340 3485 3491 3519 Kantonen
3505 3487 3586 3521 Bern
3609 3488 3669 3521 und

2817 3525 2892 3566 Genf
2912 3526 2937 3567 je
2962 3526 3013 3565 Fr.
3039 3528 3135 3560 1562.
3161 3529 3212 3566 50,
3248 3534 3303 3562 von
3327 3529 3379 3562 den
3402 3530 3553 3564 Kantonen
3576 3532 3668 3565 Solo¬

2816 3570 2903 3610 thurn
2925 3572 2985 3603 und
3008 3572 3126 3612 Aargau
3149 3571 3174 3611 je
3197 3573 3247 3612 Fr.
3272 3575 3348 3606 937.
3365 3576 3418 3613 50,
3441 3575 3600 3615 zusammen
3615 3577 3668 3616 Fr.

2817 3616 2914 3648 5000.
2961 3615 3019 3648 Als
3040 3616 3160 3657 Pfarrer
3192 3621 3250 3651 von
3271 3618 3352 3651 Bern
3380 3619 3484 3660 bezieht
3504 3620 3559 3661 Hr.
3582 3622 3665 3662 Prof,

2816 3659 2872 3692 Dr.
2895 3660 3005 3701 Herzog
3036 3660 3080 3693 ein
3103 3661 3283 3696 Einkommen
3310 3668 3368 3697 von
3390 3664 3441 3703 Fr.
3467 3666 3564 3703 3000,
3599 3666 3669 3706 ohne

2817 3703 2872 3737 alle
2893 3704 2966 3744 sonst
2988 3704 3114 3745 üblichen
3129 3706 3371 3748 Nebeneinkünfte,
3395 3709 3436 3741 im
3449 3707 3565 3749 Ganzen
3586 3711 3670 3750 somit

2818 3749 2870 3788 Fr.
2895 3750 2994 3786 8000,
3025 3754 3141 3783 woraus
3165 3751 3230 3791 auch
3260 3752 3303 3785 die
3325 3752 3417 3786 vielen
3438 3753 3611 3793 Amtsreisen
3633 3764 3668 3795 zu

2815 3793 2959 3833 bestreiten
2980 3794 3048 3834 sind,
3079 3795 3137 3827 und
3161 3795 3232 3836 nicht
3255 3797 3306 3835 Fr.
3332 3799 3461 3836 25,000,
3496 3799 3551 3832 wie
3573 3799 3668 3839 Groß¬

2816 3838 2880 3878 rath
2902 3839 2981 3879 Fazy
3005 3838 3045 3871 im
3069 3838 3175 3879 Genfer
3198 3839 3312 3881 Großen
3335 3842 3413 3883 Rath
3438 3842 3586 3882 behauptet
3607 3844 3667 3884 hat.

2887 3900 2921 3906 —
2951 3884 2998 3915 An
3021 3883 3098 3925 Platz
3125 3885 3174 3917 des
3198 3885 3384 3925 ablehnenden
3406 3886 3582 3928 Oberrichter
3604 3888 3665 3921 An¬

2816 3927 2891 3959 toine
2912 3928 2949 3968 ist
2971 3928 3213 3970 Regierungsrath
3230 3930 3377 3964 Stockmar
3399 3940 3462 3971 zum
3485 3932 3667 3973 Präsidenten

2817 3972 2864 4004 der
2886 3972 3074 4012 Kommission
3108 3973 3157 4013 für
3180 3974 3222 4007 die
3243 3974 3386 4015 praktische
3409 3976 3544 4018 Prüfung
3566 3977 3668 4012 bereits

397 4125 569 4177 Feuilleton
597 4126 700 4171 1880.

134 4276 240 4315 Hans
259 4272 424 4310 Holbeins
443 4274 625 4303 Madonna
643 4278 711 4303 von
731 4275 937 4310 Solothurn.

456 4326 645 4363 (Fortsetzung.)

163 4381 220 4410 Der
232 4375 362 4411 Verfasser
378 4375 491 4411 verfolgt
508 4375 578 4410 auf's
586 4375 760 4412 Gründlichste
777 4378 827 4406 alle
835 4377 973 4414 Beziehun¬

102 4430 165 4460 gen,
184 4418 224 4449 die
242 4415 288 4451 sich
308 4424 342 4444 an
359 4414 433 4450 unser
452 4415 517 4445 Bild
535 4416 641 4451 knüpfen
660 4417 762 4446 können.
804 4418 846 4447 So
866 4419 972 4448 erörtert

102 4472 132 4494 er
154 4458 217 4493 auch
235 4456 275 4486 die
294 4456 386 4491 Frage,
404 4455 452 4484 wie
469 4454 582 4491 Holbein
600 4463 631 4491 zu
649 4456 703 4485 dem
721 4457 844 4493 Auftrag,
862 4457 906 4493 für
925 4459 971 4487 den

101 4503 144 4533 S.
158 4496 352 4533 Ursenmünster
379 4494 407 4523 in
425 4494 574 4528 Solothurn
603 4496 643 4525 ein
662 4496 796 4526 Altarbild
822 4505 854 4532 zu
880 4498 972 4532 malen,

101 4544 182 4577 möge
200 4537 343 4574 gekommen
359 4535 419 4569 sein.
450 4535 488 4564 Er
504 4535 560 4569 sagt
576 4535 686 4565 darüber
705 4536 833 4575 (pag.14
849 4536 899 4573 f.):
920 4538 974 4573 „Es

100 4584 136 4618 ist
157 4576 265 4612 vielfach
284 4574 409 4611 historisch
428 4575 570 4610 festgestellt,
590 4575 641 4610 daß
659 4576 729 4612 schon
742 4586 772 4613 zu
786 4576 852 4613 jener
865 4577 973 4613 Blüthe¬

96 4622 154 4658 zeit
186 4615 391 4653 humanistischer
421 4615 633 4651 Geistesrichtung
670 4616 784 4653 zwischen
813 4617 973 4653 Solothurn,

101 4659 190 4696 Basel
220 4656 274 4686 und
302 4654 429 4692 Freiburg
457 4655 505 4690 (im
531 4656 673 4692 Breisgau)
700 4657 740 4687 ein
767 4665 837 4693 reger
861 4658 974 4693 geistiger

97 4698 219 4734 Verkehr
237 4701 303 4726 war.
323 4695 366 4730 Zu
383 4695 465 4731 Basel
481 4696 548 4725 lebte
563 4696 668 4726 damals
685 4697 729 4726 als
741 4697 910 4732 Domdechant
928 4699 972 4727 des

97 4738 248 4779 Hochstifts
267 4736 310 4765 der
323 4735 418 4770 Probst
430 4736 474 4765 des
484 4735 694 4772 solothurnischen
707 4737 973 4773 Chorherrenkapitels

98 4788 158 4813 von
178 4779 215 4808 S.
227 4776 290 4810 Urs,
321 4775 362 4804 der
388 4774 502 4809 splendid
529 4775 663 4812 freigebige
680 4776 807 4806 Nikolaus
826 4781 877 4806 von
895 4776 970 4806 Dies¬

99 4819 176 4855 bach,
205 4824 237 4853 zu
257 4814 341 4845 Senis
359 4815 528 4849 promovirter
547 4815 644 4845 Doktor
661 4816 703 4845 der
721 4816 816 4852 Rechte,
840 4817 883 4846 der
903 4817 973 4846 1519

98 4862 149 4891 als
167 4854 317 4890 Koadjutor
334 4854 387 4884 und
405 4854 548 4890 Mitregent
563 4855 608 4885 des
625 4855 742 4891 Bischofs
758 4861 810 4886 von
821 4856 909 4891 Basel,
928 4856 972 4885 des

96 4894 301 4937 hochbejahrten
328 4893 463 4929 Christoph
490 4900 541 4924 von
564 4895 704 4931 Utenheim,
735 4897 844 4926 ernannt
871 4896 973 4927 worden

96 4946 173 4972 war.
183 4936 274 4970 Dieser
283 4933 391 4970 gelehrte
401 4933 499 4969 Mann,
508 4934 561 4963 dem
570 4934 700 4971 Holbeins
709 4935 765 4972 Ruf
773 4936 801 4966 in
806 4936 888 4972 Folge
897 4936 974 4972 seiner

99 4975 222 5013 nächsten
232 4974 381 5010 Umgebung
401 4981 483 5008 genau
500 4974 607 5005 bekannt
623 4976 675 5015 sein
693 4976 788 5011 mußte,
806 4976 859 5006 und
878 4976 919 5006 der
929 4975 972 5005 ab¬

95 5016 242 5053 wechselnd
271 5014 354 5050 seinen
371 5013 427 5050 Sitz
453 5014 516 5043 bald
543 5014 571 5044 in
590 5015 749 5050 Solothurn,
766 5016 828 5046 bald
846 5016 875 5046 in
893 5016 973 5051 Basel

93 5060 187 5096 hatte,
215 5056 247 5090 ist
274 5053 345 5089 wohl
372 5052 504 5089 derjenige,
528 5054 602 5090 durch
629 5056 707 5091 dessen
732 5056 911 5093 Vermittlung
935 5056 974 5086 die

99 5097 257 5134 Bestellung
285 5095 329 5124 des
346 5092 439 5123 Bildes
467 5093 509 5123 der
526 5094 665 5125 Madonna
693 5100 744 5126 von
761 5095 912 5131 Solothurn
930 5096 974 5131 für

97 5141 153 5171 den
172 5137 210 5167 S.
228 5134 418 5170 Ursenmünster
436 5133 542 5168 daselbst
558 5134 684 5171 geschehen
701 5136 795 5171 mußte,
814 5137 878 5166 denn
896 5137 929 5166 da
948 5144 974 5166 er

96 5175 216 5217 zugleich
234 5174 274 5204 die
294 5174 391 5204 Würde
420 5174 488 5203 eines
506 5173 626 5209 Probstes
644 5175 687 5205 des
705 5176 856 5212 Pfarrstifts
874 5176 910 5206 S.
920 5176 973 5206 Urs

97 5220 186 5254 hatte,
204 5216 295 5245 konnte
314 5215 353 5244 die
370 5214 505 5250 Dotirung
522 5214 573 5243 und
592 5214 718 5251 Stiftung
744 5217 811 5246 eines
828 5224 907 5247 neuen
925 5217 974 5246 Al¬

97 5260 178 5290 tares
206 5256 236 5285 in
263 5254 343 5291 seiner
360 5253 562 5290 Kollegiatkirche
590 5263 621 5290 zu
639 5254 791 5291 Solothurn
820 5256 887 5292 nicht
903 5256 974 5292 wohl

89 5300 172 5333 ohne
200 5295 254 5331 sein
273 5294 416 5330 Vorwissen
443 5294 499 5324 und
524 5294 588 5330 seine
612 5294 727 5331 amtliche
744 5296 917 5333 Mitwirkung
934 5303 974 5333 ge¬

90 5334 230 5376 schehen."

1074 4053 1118 4082 Da
1136 4054 1167 4088 ist
1194 4054 1257 4084 denn
1276 4054 1314 4084 die
1330 4054 1433 4090 (bereits
1450 4060 1500 4085 von
1520 4056 1623 4086 anderer
1641 4056 1714 4087 Seite
1731 4058 1872 4094 geäußerte)

1020 4092 1198 4130 Vermuthung
1217 4094 1298 4130 gewiß
1314 4095 1475 4131 naheliegend
1493 4095 1571 4134 (pag.
1589 4096 1646 4131 45),
1673 4098 1711 4127 die
1729 4099 1814 4134 Figur
1832 4100 1873 4129 des

1020 4132 1135 4169 Bischofs
1162 4135 1209 4170 auf
1232 4135 1286 4164 dem
1302 4135 1491 4171 Holbeinischen
1510 4137 1727 4168 Madonnenbilde
1755 4139 1787 4173 sei
1816 4140 1873 4170 eben

1020 4172 1067 4202 das
1086 4174 1205 4207 Portrait
1223 4175 1378 4211 Diesbach's,
1405 4177 1447 4206 der
1466 4177 1508 4206 als
1527 4176 1668 4212 Koadjutor
1686 4178 1737 4208 und
1756 4179 1873 4215 designir¬

1020 4213 1058 4243 ter
1074 4213 1226 4250 Nachfolger
1243 4216 1286 4245 des
1303 4215 1418 4252 Bischofs
1435 4221 1487 4246 von
1504 4217 1582 4252 Basel
1599 4217 1670 4252 schon
1687 4218 1789 4248 damals
1807 4220 1873 4255 kurz¬

1020 4256 1073 4289 weg
1102 4254 1158 4288 „der
1185 4254 1301 4290 Bischof"
1331 4254 1377 4291 (P.
1400 4256 1473 4290 Alex.
1491 4256 1605 4292 Schmid,
1629 4257 1699 4287 Ord.
1718 4257 1788 4295 Cap.
1826 4260 1873 4289 Die

1020 4292 1189 4330 Kirchensätze,
1217 4295 1314 4330 Stifts-
1340 4296 1392 4325 und
1410 4296 1665 4332 Pfarr-Geistlichkeit
1694 4299 1735 4328 des
1754 4299 1873 4329 Kantons

1020 4332 1179 4369 Solothurn.
1225 4334 1375 4369 Solothurn
1405 4336 1487 4371 1857)
1517 4337 1575 4367 oder
1615 4338 1671 4373 „der
1706 4340 1874 4374 neuerwählte

1020 4373 1135 4409 Bischof'
1161 4374 1220 4409 hieß
1245 4374 1330 4410 (Eidg.
1347 4376 1477 4410 Abschiede
1493 4375 1548 4410 III.
1565 4378 1592 4412 2,
1612 4386 1680 4416 pag.
1700 4380 1777 4408 1229.
1806 4379 1874 4409 1520

1021 4414 1099 4450 März
1118 4413 1181 4448 18.).
1208 4415 1322 4449 Wüßten
1340 4416 1389 4445 wir
1406 4425 1458 4446 nur
1476 4417 1544 4452 mehr
1562 4422 1615 4447 von
1632 4418 1686 4448 dem
1704 4419 1813 4454 Manne,
1831 4428 1874 4449 um

1020 4457 1071 4484 uns
1100 4454 1163 4483 über
1190 4454 1240 4489 sein
1258 4455 1414 4490 Verhältniß
1432 4465 1463 4492 zu
1481 4456 1593 4492 Holbein
1613 4458 1653 4487 ein
1671 4458 1771 4493 Urtheil
1789 4459 1875 4490 bilden

1020 4502 1051 4530 zu
1068 4495 1170 4524 können.
1191 4494 1259 4524 Was
1277 4495 1326 4524 wir
1343 4496 1466 4531 gefunden
1485 4496 1574 4531 haben,
1594 4497 1626 4530 ist
1645 4498 1802 4534 Folgendes:

1072 4534 1200 4565 Nikolaus
1216 4540 1268 4564 von
1286 4535 1417 4570 Diesbach,
1444 4537 1487 4565 der
1503 4537 1582 4571 Sohn
1600 4538 1644 4567 des
1660 4538 1690 4568 in
1706 4539 1750 4568 der
1766 4539 1873 4569 Berner-

1020 4575 1072 4605 und
1090 4574 1372 4610 Schweizer-Geschichte
1385 4576 1530 4610 wiederholt
1541 4576 1758 4610 hervortretenden
1769 4579 1874 4615 Ludwig

1020 4619 1071 4644 von
1098 4613 1221 4649 Diesbach
1248 4622 1298 4643 von
1325 4614 1397 4645 Bern
1423 4615 1507 4651 (Eidg.
1534 4616 1663 4652 Abschiede
1689 4616 1743 4652 III,
1761 4620 1788 4653 2,
1808 4627 1874 4657 pag.

1022 4655 1100 4684 1229.
1137 4654 1206 4684 1520
1234 4655 1312 4690 März
1340 4655 1383 4684 18.
1409 4656 1462 4685 und
1490 4655 1539 4690 IV,
1567 4658 1592 4691 1,
1620 4666 1690 4697 pag.
1718 4661 1759 4688 17.
1799 4660 1876 4694 1521,

1021 4695 1099 4731 März
1117 4696 1168 4729 10.,
1194 4695 1275 4730 vergl.
1296 4695 1353 4730 Leu,
1372 4694 1426 4724 VI.
1445 4697 1481 4725 76
1497 4696 1537 4732 f.),
1563 4698 1626 4733 nach
1652 4699 1703 4729 Leu
1729 4698 1767 4735 (a.
1786 4708 1811 4730 a.
1829 4700 1876 4735 D)

1020 4736 1125 4770 geboren
1145 4736 1224 4770 1478,
1243 4736 1338 4765 Doctor
1356 4736 1398 4765 der
1416 4736 1551 4772 geistlichen
1571 4738 1659 4774 Rechte
1686 4744 1737 4770 von
1755 4740 1797 4769 der
1815 4740 1875 4770 Uni¬

1019 4775 1122 4810 versität
1149 4774 1242 4809 Siena,
1269 4775 1340 4804 ward
1369 4776 1439 4811 (nach
1463 4776 1567 4812 Schmid
1585 4786 1612 4806 a.
1630 4786 1654 4807 a.
1674 4778 1720 4814 D.)
1739 4779 1774 4809 im
1792 4779 1876 4815 Jahre

1022 4816 1091 4845 1500
1109 4814 1279 4851 Stiftsprobst
1305 4824 1336 4850 zu
1362 4816 1521 4851 Solothurn.
1555 4817 1609 4853 Im
1637 4818 1735 4855 August
1754 4820 1824 4849 1503
1842 4828 1875 4850 er¬

1019 4855 1107 4890 scheint
1133 4864 1159 4885 er
1186 4855 1330 4891 urkundlich
1357 4857 1401 4886 als
1427 4856 1521 4891 Probst
1547 4858 1609 4889 (von
1637 4859 1798 4895 Solothurn)
1825 4861 1877 4891 und

1020 4895 1099 4931 Prior
1117 4901 1168 4925 von
1186 4895 1312 4931 Vaucluse
1330 4895 1413 4932 (Eidg.
1435 4896 1519 4933 Absch.
1530 4896 1586 4931 III,
1599 4898 1625 4932 2,
1644 4907 1712 4937 pag.
1724 4900 1798 4934 239).
1827 4901 1877 4931 Als

1020 4936 1061 4965 der
1086 4935 1280 4973 Jetzer-Handel
1298 4944 1328 4971 zu
1345 4936 1418 4967 Bern
1445 4938 1539 4973 spielte,
1568 4940 1647 4974 1508,
1675 4945 1731 4970 war
1756 4941 1876 4976 Diesbach

1023 4975 1183 5011 „bäpstlicher
1201 4976 1335 5011 Heiligkeit
1353 4976 1547 5014 Kämmerling"
1568 4987 1602 5014 zu
1615 4979 1692 5015 Rom,
1709 4980 1762 5010 und
1780 4981 1819 5011 die
1831 4982 1877 5012 Re¬

1020 5016 1125 5052 gierung
1151 5015 1230 5051 nahm
1256 5016 1321 5051 seine
1337 5016 1514 5054 Vermittlung
1532 5019 1560 5049 in
1580 5020 1718 5057 Anspruch,
1746 5029 1790 5050 um
1820 5027 1877 5051 vom

1020 5056 1111 5093 Pabste
1129 5056 1167 5086 die
1185 5055 1363 5092 Jurisdiction
1382 5058 1409 5087 in
1428 5058 1481 5088 dem
1499 5058 1614 5095 Prozesse
1640 5068 1714 5096 gegen
1732 5061 1771 5090 die
1789 5062 1878 5091 Domi¬

1019 5097 1122 5126 nikaner
1139 5104 1169 5131 zu
1189 5095 1311 5131 erhalten,
1330 5096 1375 5130 (B.
1394 5097 1535 5132 Anshelms
1552 5099 1675 5135 Chronik,
1693 5105 1744 5130 von
1762 5100 1879 5131 Stierlin

1020 5137 1071 5166 und
1090 5135 1168 5171 Wyß,
1187 5134 1240 5171 IV,
1257 5144 1328 5174 pag.
1345 5138 1372 5171 5,
1390 5137 1448 5173 27.)
1466 5138 1515 5168 Leu
1533 5140 1613 5169 nennt
1630 5139 1677 5173 ihn
1695 5139 1755 5175 auch
1774 5138 1878 5171 Proto¬

1019 5174 1157 5205 notarius
1170 5175 1373 5214 Apostolicus.
1400 5177 1463 5207 Seit
1480 5183 1558 5209 wann
1576 5178 1700 5215 Diesbach
1719 5180 1772 5210 dem
1782 5181 1878 5210 Basler

1020 5215 1181 5251 Domkapitel
1198 5216 1333 5252 angehörte
1361 5217 1413 5247 und
1440 5222 1518 5248 wann
1536 5226 1563 5248 er
1581 5218 1620 5247 die
1638 5218 1721 5249 Stelle
1739 5220 1782 5249 des
1801 5220 1878 5249 Dom¬

1020 5257 1109 5285 dekans
1128 5255 1226 5291 erhielt,
1243 5256 1331 5292 wissen
1347 5258 1398 5287 wir
1416 5257 1490 5293 nicht.
1517 5259 1574 5289 Den
1592 5259 1638 5287 28.
1650 5258 1712 5289 Mai
1733 5259 1802 5288 1519
1820 5260 1879 5290 aber

1019 5296 1092 5327 ward
1109 5303 1136 5325 er
1154 5300 1205 5326 von
1221 5296 1276 5325 dem
1303 5296 1434 5327 alternden
1450 5297 1558 5332 Bischof,
1587 5298 1702 5334 Christof
1725 5304 1778 5329 von
1805 5300 1878 5329 Uten¬

1019 5335 1094 5373 heim,
1122 5336 1170 5365 mit
1187 5335 1368 5373 Zustimmung
1394 5337 1437 5367 des
1457 5337 1631 5373 Domkapitels
1657 5346 1714 5374 imn
1736 5339 1879 5375 Koadjutor

1917 4062 2104 4091 angenommen.
2120 4057 2228 4091 (Basler
2244 4056 2355 4092 Chronik
2371 4058 2416 4087 des
2432 4059 2558 4088 Nikolaus
2567 4058 2682 4097 Gerung,
2699 4061 2766 4092 eines

1916 4095 2088 4131 Baslerischen
2105 4096 2336 4134 Stiftsgeistlichen,
2357 4098 2478 4134 vielleicht
2496 4100 2535 4128 des
2553 4099 2765 4136 Stiftssekretärs,

1917 4135 1957 4164 der
1976 4137 2116 4165 1521—29
2135 4138 2163 4167 in
2182 4138 2260 4172 Basel
2276 4138 2349 4173 lebte,
2375 4139 2429 4168 und
2455 4140 2515 4175 auch
2541 4140 2602 4176 nach
2620 4141 2662 4171 der
2679 4141 2766 4172 Ueber¬

1917 4175 2040 4212 siedelung
2057 4177 2100 4206 des
2118 4178 2292 4213 Domkapitels
2310 4178 2369 4214 nach
2388 4179 2515 4216 Freiburg
2532 4181 2569 4210 im
2580 4181 2708 4218 Breisgau
2719 4183 2767 4213 mit

1916 4215 2050 4250 demselben
2073 4216 2103 4246 in
2128 4217 2296 4254 Verbindung
2330 4218 2409 4248 blieb.
2453 4220 2613 4256 Mitgetheilt
2639 4227 2691 4251 von
2717 4222 2765 4252 Dr.

1918 4255 1966 4288 Th.
1985 4261 2036 4287 von
2053 4257 2177 4288 Liebenau
2203 4258 2239 4287 im
2265 4258 2387 4295 Anzeiger
2414 4259 2455 4295 für
2479 4260 2618 4297 Schweizer
2635 4261 2767 4298 Geschichte

1919 4295 1997 4330 1879,
2016 4305 2083 4334 pag.
2096 4297 2167 4333 220).
2202 4299 2245 4327 Da
2262 4299 2310 4328 mit
2328 4299 2403 4333 dieser
2421 4299 2543 4336 Stellung
2563 4301 2602 4331 die
2621 4301 2767 4338 Exspectanz

1918 4335 1963 4370 auf
1981 4336 2019 4366 die
2036 4337 2171 4373 Nachfolge
2189 4338 2225 4367 im
2243 4338 2368 4375 Bisthum
2386 4340 2528 4371 verbunden
2548 4346 2614 4376 war,
2640 4342 2666 4377 so
2684 4341 2768 4377 mußte

1917 4375 1955 4405 die
1972 4376 2103 4411 päbstliche
2120 4379 2294 4415 Bestätigung,
2323 4379 2367 4413 für
2385 4379 2424 4409 die
2441 4380 2502 4416 auch
2520 4381 2568 4409 dad
2586 4382 2709 4417 Fürwort
2725 4382 2769 4412 der

1918 4415 2112 4452 eidgenössischen
2140 4419 2293 4456 Tagsatzung
2311 4419 2339 4449 in
2357 4420 2486 4455 Anspruch
2513 4429 2657 4456 genommen
2684 4423 2768 4453 wurde

1918 4455 2001 4492 (Eidg.
2020 4457 2146 4492 Abschiede
2165 4457 2220 4493 III,
2238 4459 2263 4492 2.
2283 4468 2351 4498 pag.
2371 4461 2448 4495 1167,
2467 4462 2493 4490 3.
2511 4461 2584 4496 Juni
2605 4463 2680 4497 1519,
2699 4470 2766 4501 pag.

1919 4495 1998 4531 1208,
2018 4498 2058 4527 14.
2077 4498 2217 4528 November
2237 4499 2317 4534 1519)
2345 4500 2393 4529 mit
2419 4500 2549 4536 kolossalen
2579 4501 2706 4532 Summen
2733 4511 2768 4533 er¬

1918 4536 1991 4566 wirkt
2008 4537 2115 4572 werden,
2142 4537 2229 4572 welche
2246 4538 2387 4574 Wurstisen
2404 4539 2433 4569 in
2449 4540 2526 4574 seiner
2543 4541 2642 4571 Basler
2660 4541 2770 4578 Chronik

1917 4574 1982 4607 (Ed.
2003 4577 2080 4611 1580,
2098 4586 2166 4615 pag.
2186 4576 2353 4613 DXXVIII,
2373 4577 2427 4608 Ed.
2448 4581 2525 4614 1765,
2544 4588 2615 4619 pag.
2635 4583 2696 4616 504,
2714 4583 2768 4618 vgl.

1918 4616 2013 4651 Amiet,
2031 4617 2107 4647 Anm.
2126 4619 2171 4652 37)
2190 4618 2342 4654 aufführt.¹)

1976 4723 1996 4758 1)
2015 4723 2052 4752 Es
2070 4731 2128 4760 mag
2146 4724 2217 4759 heute
2235 4724 2293 4759 noch
2311 4725 2472 4760 interessiren,
2490 4735 2521 4761 zu
2537 4727 2694 4762 vernehmen,
2711 4729 2771 4758 wel¬

1921 4758 1971 4793 ches
1990 4759 2257 4796 Ausbeutungssystem
2274 4763 2316 4790 der
2334 4761 2464 4796 päbstliche
2473 4762 2526 4798 Hof
2543 4764 2711 4793 unmittelbar
2724 4769 2772 4794 vor

1921 4795 1974 4824 dem
1987 4795 2117 4829 Ausbruch
2137 4797 2178 4826 der
2190 4797 2366 4831 Reformation
2385 4797 2430 4827 den
2448 4797 2580 4833 deutschen,
2599 4800 2662 4835 resp.
2680 4800 2772 4835 schwei¬

1919 4830 2035 4866 zerischen
2051 4831 2221 4867 Bisthümern
2237 4832 2373 4869 gegenüber
2390 4832 2540 4869 handhabte.
2558 4835 2684 4872 Diesbach
2702 4836 2772 4871 hatte

1920 4866 1980 4900 nach
1998 4866 2138 4902 Wurstisen
2157 4868 2199 4903 für
2216 4868 2255 4897 die
2271 4868 2403 4904 päbstliche
2422 4868 2607 4907 Anerkennung
2625 4872 2702 4907 seiner
2713 4876 2773 4902 vom

1920 4901 2022 4938 Bischof
2039 4903 2091 4932 und
2109 4903 2267 4938 Domkapitel
2286 4904 2435 4940 getroffenen
2452 4905 2534 4941 Wahl
2551 4914 2611 4942 zum
2628 4907 2771 4944 Coadjutor

1920 4945 1951 4965 zu
1969 4937 2114 4966 entrichten:

2450 4981 2620 5017 Goldgulden.
2638 4983 2775 5021 Schilling.

1921 5018 2239 5055 Jacob»Pouzet,Bischof
2248 5028 2278 5055 zu
2287 5020 2399 5056 Melphi,
2414 5020 2455 5051 de»

1957 5053 2065 5089 Pabste»
2081 5056 2216 5091 Tresorier,
2233 5056 2262 5085 in
2280 5057 2319 5087 die
2336 5057 2454 5092 apostoli-

1957 5089 2029 5123 lisch«
2045 5090 2164 5121 Kammer
2529 5094 2581 5122 133

1923 5125 2097 5161 Demselbigen
2114 5127 2388 5163 Kammerpräsidenten
2406 5129 2458 5158 und

1957 5160 2040 5195 seinen
2047 5162 2177 5198 Kollegen,
2194 5165 2247 5193 und
2264 5172 2320 5200 pro
2336 5163 2455 5194 minuto

1958 5196 2093 5231 servitio,
2108 5199 2151 5234 für
2162 5200 2231 5228 einen
2241 5200 2357 5235 geringen
2367 5200 2455 5234 Dienst
2543 5201 2581 5228 36
2688 5202 2722 5230 36

1923 5231 1978 5262 Des
1996 5232 2102 5266 Pabstes
2119 5234 2254 5269 Geheimen
2271 5234 2395 5271 (Herrru)
2407 5237 2457 5265 und

1960 5267 2081 5303 Dienern,
2098 5269 2142 5305 für
2159 5271 2212 5300 drei
2230 5271 2329 5306 geringe
2347 5271 2455 5306 Dienste,

1959 5302 2035 5337 ihnen
2060 5305 2151 5343 solcher
2177 5306 2346 5342 Wohlhalten
2370 5315 2404 5343 zu
2420 5314 2458 5343 ge¬

1959 5338 2034 5376 hörig
2545 5343 2581 5371 91
2689 5342 2723 5370 30

2844 4078 2851 4085 -
2867 4064 2916 4094 Die
2933 4072 2996 4093 neue
3013 4064 3137 4101 Stellung
3155 4065 3252 4101 brachte
3264 4067 3395 4103 Diesbach,
3414 4068 3565 4104 namentlich
3581 4069 3611 4098 in
3622 4069 3670 4099 den

2813 4103 3003 4140 Streitigkeiten
3022 4105 3064 4134 des
3084 4106 3233 4140 Domstiftes
3251 4107 3298 4136 mit
3316 4107 3359 4137 der
3376 4108 3458 4137 Stadt
3468 4108 3545 4143 Basel
3562 4109 3591 4138 in
3608 4109 3670 4138 viel¬

2812 4143 2895 4179 fachen
2912 4144 3023 4179 Verkehr
3049 4145 3098 4174 mit
3125 4146 3169 4174 der
3189 4145 3343 4183 Tagsatzung
3369 4147 3454 4183 (Eidg.
3472 4147 3600 4184 Abschiede
3617 4147 3670 4184 IV,

2815 4185 2839 4218 1,
2857 4183 2995 4213 Stricklers
3022 4184 3245 4221 Aktensammlung
3273 4195 3317 4223 zur
3346 4187 3560 4224 Schweizerischen
3580 4189 3669 4223 Refor¬

2813 4224 3049 4260 mationsgeschichte
3078 4224 3114 4260 I),
3140 4225 3182 4255 bei
3209 4227 3253 4256 der
3278 4235 3304 4256 er
3331 4227 3444 4263 offenbar
3474 4227 3526 4257 eine
3555 4228 3669 4264 genehme

2814 4264 2908 4299 Person
2929 4269 2995 4294 war.

2866 4322 2909 4357 In
2935 4323 2978 4352 der
2996 4323 3295 4360 Bisthumsverwaltung
3322 4325 3428 4361 dagegen
3454 4330 3510 4355 war
3529 4326 3663 4362 Diesbach,

2815 4361 2862 4391 wir
2888 4366 2940 4392 uns
2959 4362 3063 4399 Gerung
3089 4363 3211 4398 berichtet,
3238 4364 3301 4399 nicht
3321 4364 3441 4400 glücklich.
3478 4365 3514 4394 Er
3535 4366 3599 4395 lebte
3617 4366 3667 4396 mit

2814 4401 2869 4430 dem
2886 4402 2987 4438 Bischof
3013 4403 3130 4438 während
3158 4404 3233 4437 seiner
3262 4411 3355 4439 ganzen
3372 4404 3614 4442 Geschäftsführung
3640 4407 3669 4437 in

2815 4440 2927 4477 Konflikt
2946 4442 2999 4473 und
3016 4442 3085 4477 hatte
3101 4443 3174 4473 dabei
3191 4443 3303 4479 offenbar
3321 4444 3381 4480 auch
3392 4444 3430 4474 die
3439 4445 3668 4481 Domkapitularen

2816 4488 2889 4516 gegen
2907 4481 2962 4516 sich.
2980 4482 3031 4511 Als
3049 4491 3074 4512 er
3093 4482 3136 4517 sich
3156 4482 3229 4517 daher
3241 4482 3396 4520 überzeugte,
3414 4483 3462 4519 daß
3475 4493 3501 4514 er
3512 4486 3556 4515 als
3565 4485 3665 4521 Bischof

2815 4520 2881 4555 nicht
2906 4520 3086 4558 durchdringen
3112 4522 3198 4552 würde
3220 4537 3254 4543 —
3281 4523 3307 4558 so
3334 4524 3456 4560 verstehen
3482 4524 3530 4555 wir
3549 4525 3669 4561 Gerungs

3344 4619 3511 4655 Goldgulden.
3530 4621 3667 4658 Schilling.

2817 4666 2870 4695 Der
2896 4666 3016 4695 Kammer
3043 4666 3085 4696 der
3112 4667 3261 4701 Kardinäle,
3290 4667 3350 4702 auch

2852 4701 2922 4736 ihren
2942 4701 3164 4736 Familiaribns,
3183 4704 3227 4733 das
3246 4705 3276 4738 ist
3283 4703 3348 4739 Hof-

2853 4739 2905 4767 und
2923 4738 3095 4773 Dienstleuten
3420 4740 3472 4767 549
3599 4742 3617 4770 6

3374 4774 3497 4804 Dukaten.
3552 4776 3653 4812 Julier.

2819 4810 2876 4838 Den
2893 4808 3133 4845 Cantzleischreibern
3441 4811 3475 4840 61
3601 4813 3618 4841 5

2819 4846 2884 4875 Dem
2895 4845 3011 4880 Collegia
3026 4846 3068 4875 der
3085 4844 3258 4880 apostolische«
3265 4844 3351 4875 Eolli-

2855 4880 2977 4910 cstatorm
2994 4880 3050 4910 oder
3068 4880 3191 4915 Ausrufer
3439 4882 3474 4910 25
3599 4884 3616 4912 6

2820 4917 2884 4946 Dem
2901 4916 3015 4951 Collegio
3032 4916 3073 4945 der
3091 4915 3291 4951 Getreideherren
3309 4916 3352 4946 der

2855 4952 2937 4981 Stadt
2964 4952 3038 4986 Rom,
3067 4949 3275 4981 Praosidsntos
3298 4960 3353 4982 an-

2855 4995 2941 5016 nonae
2959 4989 3069 5022 genannt
3428 4989 3480 5017 153
3600 4989 3655 5024 8‘/‘

2821 5024 2883 5052 Dem
2901 5022 3015 5058 Collegio
3038 5022 3081 5052 der
3107 5022 3258 5058 päbstliche«
3275 5023 3353 5053 Käm¬

2855 5059 2975 5093 merlinge
2993 5058 3044 5087 und
3062 5059 3246 5095 Schildknrchk
3424 5060 3476 5088 102
3600 5061 3617 5088 5

2820 5095 2877 5130 Für
2882 5094 2953 5123 eine«
2960 5093 3076 5129 geringen
3085 5095 3175 5130 Dienst
3185 5096 3217 5125 et
3229 5103 3289 5124 uno
3302 5102 3356 5132 per

2855 5128 3026 5159 centenario
3443 5130 3478 5158 49

2872 5164 2914 5200 Ja
2933 5165 3049 5195 Summa
3067 5166 3121 5201 also
3139 5166 3207 5196 rund
3223 5167 3276 5195 710
3293 5164 3457 5201 Goldgulden
3474 5164 3527 5196 und
3545 5166 3599 5195 390
3616 5166 3671 5196 Du¬

2821 5197 2901 5231 katen.
2936 5196 3009 5225 Nach
3022 5201 3155 5214 offizieller
3176 5206 3313 5231 Schätzung
3333 5207 3374 5228 der
3389 5208 3545 5228 Tagsatzung
3560 5206 3679 5228 machten

2821 5239 2897 5266 1515
2914 5234 2973 5262 100
2991 5235 3096 5266 Gulden
3113 5239 3158 5266 33
3169 5241 3288 5264 Dukaten
3302 5239 3354 5266 32
3365 5242 3477 5264 Kreuzer.
3515 5238 3612 5267 (Eidg.
3620 5241 3679 5269 Ab¬

2828 5272 2908 5296 schiede
2922 5271 2974 5294 III
2996 5273 3027 5300 2,
3042 5273 3114 5300 pag.
3128 5273 3215 5308 891).
3239 5278 3304 5304 Der
3318 5275 3491 5300 gewöhnliche
3502 5276 3606 5300 Gulden
3621 5275 3682 5301 ver¬

2821 5307 2885 5343 hielt
2911 5309 2967 5345 sich
2967 5309 3063 5345 also
3063 5309 3125 5345 zum
3150 5309 3267 5338 Dukaten
3290 5299 3341 5337 wie
3367 5309 3382 5336 1
3392 5300 3433 5345 zu
3448 5308 3521 5342 8,88.
3556 5308 3678 5344 Dagegen

2822 5343 2907 5378 wissen
2924 5344 2977 5373 wir
2994 5343 3067 5381 nicht,
3085 5345 3132 5374 wie
3150 5353 3177 5374 er
3194 5352 3252 5381 zum
3269 5343 3430 5380 Goldgulden
3447 5343 3529 5378 stand.
