3185 4606
145 54 785 338 Neue
888 60 2992 374 Zürcher-Zeitung.

403 377 588 398 Abonnement.

168 412 266 440 Schweiz
286 411 329 438 (bei
347 410 406 433 allen
430 412 603 437 Postbureaux):
625 410 662 437 Fr.
675 412 700 432 21
727 411 826 438 jährlich,

139 439 179 466 Fr.
194 441 226 462 10.
240 442 266 460 65
279 437 426 467 halbjährlich,
442 438 477 463 Fr.
492 441 510 461 5.
525 442 553 459 50
572 437 745 465 vierteljährlich.
771 430 845 464 Zürich

138 467 215 493 (wenn
228 465 259 488 die
267 465 362 493 Zeitung
372 465 405 487 bei
416 468 451 487 der
462 464 592 493 Expedition
601 463 682 489 bestellt
693 468 736 487 und
746 464 846 493 abgeholt

138 493 217 518 wird):
231 492 267 516 Fr.
284 494 308 513 16
309 507 315 517 ,
328 491 367 516 Fr.
380 493 401 516 8,
413 492 450 516 Fr.
464 494 482 513 4.
493 494 523 514 50.
554 491 652 514 Ausland
666 490 802 519 (Bestellung
813 490 844 514 bei

135 521 177 544 der
191 519 245 545 Post
260 521 308 541 oder
322 520 357 541 der
373 517 524 544 Expedition):
544 524 571 547 zu
596 521 634 541 den
653 518 788 544 Postpreisen
808 518 845 544 für

201 545 233 568 die
246 544 342 574 Schweiz
357 545 413 567 wird
426 545 457 567 die
470 545 594 570 Frankatur
608 545 785 574 hinzugerechnet.

284 598 389 625 Einzelne
403 597 529 621 Nummern
545 598 612 624 kosten
628 599 651 620 16
665 597 709 623 Rp.

138 652 292 677 Abonnement
307 652 348 674 und
360 651 492 678 Expedition
502 652 602 679 besorgen
616 650 689 676 Orell,
700 651 764 678 Füßli
779 652 797 674 &
805 651 844 676 Co.

1232 444 1576 504 Fünfzigster
1608 442 1922 502 Jahrgang.

2583 373 2708 402 Inserate

2297 406 2338 434 sind
2353 414 2382 431 an
2394 408 2532 434 Haasenstein
2547 411 2590 432 und
2605 409 2690 438 Bogler
2704 410 2727 432 in
2740 409 2816 435 Zürich
2831 412 2881 434 oder
2895 417 2923 434 an
2937 413 3002 437 deren

2295 436 2434 463 auswärtige
2447 435 2532 462 Häuser
2547 436 2694 466 einzusenden;
2707 432 2907 463 Insertionsreis:
2922 439 2951 466 15.
2951 439 3002 466 Rp.

2295 461 2326 485 die
2347 461 2486 491 vierspaltige
2506 462 2622 492 Petitzeile
2641 466 2692 486 oder
2710 463 2745 492 ihr
2768 463 2844 487 Raum
2865 466 2892 490 (5
2904 464 3002 489 Kreuzer

2555 493 2604 513 oder
2621 490 2658 512 1½
2670 490 2739 516 Sgr.)

1304 593 1594 665 Zweites
1628 591 1850 656 Blatt.

2407 551 2502 574 Bureau
2516 553 2553 575 der
2567 552 2700 575 Redaktion:
2713 552 2854 581 Marktgasse,
2867 555 2888 575 8.

2328 621 2375 648 Für
2389 623 2429 645 den
2442 621 2540 651 Montag
2555 621 2609 645 wird
2624 622 2653 645 die
2667 622 2763 651 Zeitung
2777 623 2865 648 einmal,
2880 624 2917 650 für
2931 622 2975 649 alle

2431 648 2523 677 übrigen
2537 649 2597 678 Tage
2612 648 2711 678 zweimal
2725 650 2868 678 ausgegeben.

204 748 470 809 Zürich,

1166 739 1360 804 Freitag
1416 740 1499 792 30.
1540 736 1805 810 Dezember
1847 741 1997 796 1870.

2664 731 2785 809 Nr.
2818 744 2951 811 674

386 899 790 951 Tagesbericht

453 971 509 991 vom
529 962 574 990 29.
592 962 731 996 Dezember.

200 1009 264 1041 Von
277 1009 340 1045 den
362 1007 559 1043 Dimensionen
588 1006 635 1036 des
666 1005 801 1045 unseligen
823 1004 1057 1045 Nationalkrieges

132 1050 263 1090 zwischen
285 1048 438 1087 Frankreich
467 1047 520 1077 und
542 1045 725 1093 Deutschland
751 1044 804 1076 und
826 1054 880 1076 von
899 1045 945 1076 der
964 1044 1059 1076 leiden¬

135 1090 300 1130 schaftlichen
321 1087 541 1127 Hartnäckigkeit,
573 1090 664 1116 womit
686 1095 713 1116 er
735 1085 838 1125 geführt
859 1085 943 1121 wird,
965 1093 1060 1125 zeugen

133 1131 181 1161 die
203 1128 429 1168 außerordentlich
451 1128 553 1166 großen
575 1125 680 1164 Opfer,
702 1125 743 1155 die
765 1124 913 1162 beiderseits
933 1126 978 1161 für
999 1125 1058 1155 den¬

141 1170 227 1208 selben
249 1169 322 1209 schon
342 1167 463 1208 gebracht
485 1165 589 1198 worden
601 1165 666 1203 sind,
689 1165 742 1196 und
754 1164 793 1195 die
804 1165 920 1204 äußerste
934 1165 1059 1202 Anstren¬

140 1219 216 1251 gung
237 1210 302 1240 aller
322 1208 436 1243 Kräfte,
457 1207 498 1237 die
519 1205 681 1245 neuerdings
703 1204 814 1245 gemacht
838 1204 915 1241 wird,
944 1213 991 1235 um
1012 1204 1060 1243 ihn

140 1249 334 1289 fortzuführen.
378 1247 475 1286 Welch'
508 1247 653 1286 ungeheure
680 1244 799 1282 Verluste
827 1244 1060 1282 Frankreich

141 1290 221 1329 durch
243 1289 309 1326 seine
330 1288 414 1318 vielen
435 1286 489 1317 und
517 1286 641 1325 schweren
663 1284 840 1323 Niederlagen
869 1284 965 1315 bereits
988 1283 1061 1323 schon

141 1330 247 1361 erlitten
269 1329 331 1368 hat,
360 1328 392 1365 ist
413 1327 523 1358 bekannt
544 1326 596 1356 und
618 1324 759 1361 besonders
779 1323 854 1363 durch
877 1323 987 1363 deutsche
1007 1323 1061 1355 Be¬

142 1370 352 1409 richterstattung
390 1367 525 1405 konstatirt
558 1365 672 1396 worden.
715 1363 1003 1404 Merkwürdigerweise
1030 1363 1062 1400 ist

141 1420 208 1441 man
230 1419 281 1440 von
302 1407 351 1439 den
373 1406 556 1446 deutschen
577 1405 785 1441 Verlusten
806 1412 853 1443 zur
865 1403 978 1434 Stunde
999 1403 1061 1441 noch

142 1450 260 1489 weniger
281 1455 327 1488 gut
349 1447 532 1486 unterrichtet,
565 1445 617 1475 und
648 1446 720 1475 wäre
748 1444 826 1483 daher
858 1443 914 1474 eine
946 1442 1063 1487 amtliche

141 1490 312 1528 Aufstellung
332 1488 399 1518 über
418 1486 459 1518 die
480 1485 624 1523 wirklichen
645 1484 766 1522 Verluste
792 1484 846 1514 und
866 1484 916 1513 den
937 1481 1064 1520 Effektiv¬

144 1529 220 1565 stand
241 1528 286 1559 der
307 1527 438 1565 deutschen
458 1526 542 1564 Heere
574 1534 618 1555 um
645 1525 671 1561 so
705 1522 985 1571 wünschenswerther,
1018 1523 1063 1552 als

141 1569 255 1608 dadurch
270 1566 405 1604 einerseits
421 1566 587 1605 täuschenden
607 1565 661 1594 und
677 1563 821 1600 anderseits
833 1561 1065 1602 beunruhigenden

143 1610 297 1648 Gerüchten
318 1606 480 1646 vorgebeugt
494 1605 591 1637 würde.
612 1605 655 1642 In
672 1603 863 1643 Ermanglung
879 1602 1065 1641 authentischer

144 1650 277 1689 Angaben
308 1648 390 1686 lassen
421 1648 470 1677 mir
501 1646 558 1683 hier
587 1644 627 1675 die
654 1643 827 1682 Berechnung
859 1642 905 1673 der
934 1642 1065 1682 deutschen

144 1689 277 1727 Verluste,
299 1687 390 1725 welche
410 1687 451 1717 die
471 1684 786 1723 „Pall-Mall-Gazette"
810 1682 875 1723 gibt,
898 1683 995 1722 folgen,
1017 1690 1065 1711 um

146 1729 173 1766 so
196 1729 278 1768 mehr,
301 1732 344 1758 als
366 1727 408 1756 die
429 1726 486 1756 rein
506 1724 692 1761 militärischen
714 1723 829 1763 Notizen
849 1722 932 1759 dieses
953 1722 1065 1753 Blattes

145 1778 202 1800 von
223 1768 307 1799 einem
337 1766 492 1805 namhaften
520 1764 703 1803 militärischen
728 1763 878 1803 Fachmann
909 1762 973 1801 (wie
1001 1771 1066 1792 man

143 1809 258 1848 glaubt,
290 1817 342 1838 von
364 1807 423 1837 dem
444 1806 504 1845 auch
527 1806 556 1837 in
577 1803 755 1841 Deutschland
777 1805 917 1834 bekannten
944 1802 997 1832 und
1020 1803 1065 1831 als

143 1847 437 1886 Militärschriftsteller
472 1846 621 1885 geschätzten
654 1843 900 1880 Oberstlieutenant
936 1841 1064 1881 Chesny)

146 1889 302 1928 herrühren,
324 1887 430 1925 welcher
450 1886 491 1916 die
503 1884 649 1924 Ereignisse
663 1882 718 1914 und
733 1882 909 1922 Verhältnisse
930 1881 1065 1921 gründlich

145 1929 202 1959 und
223 1926 395 1967 unparteiisch
417 1925 540 1965 bespricht
561 1925 612 1954 und
635 1923 781 1962 beurtheilt.

210 1977 268 2008 Die
289 1976 350 2014 erste
371 1975 615 2013 Invasionsarmee
636 1990 673 1994 —
696 1974 723 2010 so
746 1971 848 2010 schreibt
877 1970 917 2002 die
940 1970 1064 2009 „Pall-¬

148 2016 484 2055 Mall-Gazette"
517 2031 559 2037 —
587 2012 692 2045 bestand
725 2017 777 2042 aus
808 2012 857 2041 den
891 2010 1067 2048 sämmtlichen

143 2056 358 2096 Linientruppen
391 2064 444 2085 von
477 2054 567 2085 Nord-
588 2053 643 2083 und
672 2050 906 2091 Süddeutschland
938 2050 967 2080 in
998 2050 1068 2080 einer

149 2097 253 2128 Stärke
274 2106 328 2127 von
349 2097 479 2132 640,000
500 2094 603 2125 Mann.
638 2092 715 2130 Zwei
737 2092 852 2123 Monate
873 2090 955 2129 Krieg
977 2089 1068 2128 hatten

146 2137 217 2174 diese
231 2135 408 2170 Streitkräfte
429 2135 456 2171 so
477 2135 545 2171 stark
564 2133 687 2171 reduzirt,
702 2131 755 2169 daß
776 2131 821 2162 der
842 2131 903 2167 erste
917 2128 1067 2169 Nachschub

148 2176 196 2207 der
217 2175 452 2214 Ersatzbataillone
483 2175 539 2204 und
561 2172 780 2211 Schwadronen,
808 2170 846 2201 im
867 2170 981 2209 Ganzen
1000 2174 1068 2200 etwa

146 2218 289 2253 200,000,
312 2217 349 2246 im
373 2215 485 2253 Anfang
505 2213 624 2244 Oktober
651 2214 731 2250 lange
751 2212 818 2250 nicht
839 2209 996 2249 hinreichte,
1028 2208 1068 2238 die

148 2256 310 2287 Bataillone
340 2254 437 2285 wieder
467 2254 514 2289 auf
545 2252 585 2283 die
616 2253 684 2282 volle
704 2251 885 2290 Kriegsstärke
916 2259 968 2280 von
992 2250 1068 2279 1000

144 2297 247 2327 Mann
268 2305 301 2335 zu
323 2295 445 2333 bringen.
487 2293 546 2324 Die
566 2291 660 2323 Armee
692 2300 741 2321 vor
761 2290 849 2326 Paris
875 2290 959 2329 zählte
978 2289 1069 2327 durch¬

147 2336 291 2375 schnittlich
315 2335 473 2364 700—800
495 2333 589 2364 Mann
611 2341 656 2370 per
677 2330 840 2366 Bataillon,
874 2329 998 2367 während
1029 2328 1069 2358 die

150 2376 283 2414 Truppen
305 2384 355 2405 vor
371 2374 441 2411 Metz
463 2374 524 2411 noch
548 2372 668 2412 geringer
690 2381 725 2401 an
739 2370 811 2416 Zahl
825 2369 945 2399 wurden.
966 2368 1067 2399 Krank¬

149 2415 239 2455 heiten
270 2416 325 2445 und
344 2414 460 2452 Kämpfe
485 2412 562 2450 rissen
580 2411 642 2441 bald
663 2412 727 2449 noch
748 2413 849 2441 weitere
870 2408 981 2444 Lücken,
1012 2407 1069 2437 und

151 2457 197 2486 als
219 2455 306 2494 Prinz
327 2453 460 2493 Friedrich
489 2452 559 2483 Karl
589 2450 638 2481 mit
671 2451 757 2488 seinen
788 2452 804 2480 3
832 2448 926 2487 Korps
959 2457 993 2477 an
1024 2447 1069 2476 der

150 2495 231 2526 Loire
252 2497 399 2533 anlangte,
428 2502 516 2523 waren
553 2491 677 2527 dieselben
699 2490 745 2528 tief
765 2496 841 2520 unter
863 2489 919 2527 ihre
941 2488 1069 2518 Normal¬

150 2535 233 2572 stärke
264 2533 586 2574 zusammengeschmolzen
618 2532 671 2561 und
705 2531 793 2567 hatten
823 2538 876 2559 nur
905 2528 967 2566 noch
995 2527 1070 2557 einen

151 2573 465 2613 Durchschnittsbestand
497 2582 532 2603 an
564 2570 770 2609 Mannschaften
801 2578 854 2599 von
887 2569 944 2598 450
965 2567 1070 2605 Köpfen

148 2624 199 2653 per
220 2615 366 2645 Bataillon
388 2612 570 2652 aufzuweisen.
610 2610 662 2648 Im
683 2611 797 2648 Januar
817 2608 885 2639 wird
905 2608 950 2638 der
971 2607 1069 2638 Rekru¬

150 2655 273 2692 tenersatz
296 2663 349 2685 von
373 2655 448 2682 1870
470 2653 509 2683 bei
531 2652 578 2682 den
593 2650 785 2690 Regimentern
805 2647 951 2685 eintreffen,
972 2647 1017 2677 der
1031 2646 1070 2676 bei

151 2694 224 2725 einer
247 2693 469 2731 Gesammtstärke
500 2701 555 2722 von
576 2692 703 2727 111,000
725 2690 818 2720 Mann
850 2692 933 2718 etwas
955 2687 1069 2725 weniger

151 2734 199 2765 als
232 2736 289 2763 300
311 2733 407 2764 Mann
438 2741 479 2771 pr.
500 2731 644 2763 Bataillon
666 2729 844 2768 Verstärkung
875 2728 964 2765 liefern
993 2726 1070 2756 wird.

152 2773 283 2812 Dadurch
305 2773 407 2804 werden
428 2770 639 2810 voraussichtlich
662 2769 724 2800 bald
745 2769 785 2799 die
799 2768 956 2799 Bataillone
978 2766 1071 2797 wieder

152 2815 202 2846 aus
224 2816 281 2844 650
303 2812 408 2848 Mann,
430 2812 484 2842 und
506 2821 582 2842 wenn
604 2810 644 2840 die
663 2810 778 2850 jungem
800 2807 1005 2845 Mannschaften
1026 2805 1070 2835 der

151 2853 343 2890 Ersatzreserve
374 2853 423 2882 mit
444 2850 611 2891 ausgebildet
631 2849 739 2880 worden
761 2848 836 2883 sind,
869 2847 992 2884 vielleicht
1024 2845 1072 2882 auf

154 2895 214 2923 750
236 2894 329 2924 Mann
353 2893 481 2931 gebracht.
504 2889 602 2921 Damit
626 2890 695 2926 hätte
717 2887 779 2920 man
800 2887 840 2924 ¾
861 2888 904 2918 der
926 2886 1071 2926 Original¬

152 2933 243 2970 stärke,
265 2934 290 2963 d.
303 2933 328 2972 h.
352 2932 408 2963 eine
423 2931 518 2962 Armee
541 2939 592 2961 von
614 2931 742 2963 480,000
757 2928 851 2959 Mann
867 2926 1072 2965 Linientruppen

152 2978 206 3003 aus
238 2973 309 3003 einer
332 2972 472 3007 Million,
502 2970 545 3000 die
576 2979 628 3000 von
650 2968 830 3008 Deutschland
864 2971 916 2996 aus
948 2967 1010 2997 über
1031 2965 1071 2995 die

151 3013 262 3052 Grenze
283 3012 374 3043 rückte.
416 3011 515 3041 Somit
538 3009 568 3047 ist
589 3009 664 3046 mehr
696 3012 739 3039 als
770 3009 809 3039 die
829 3006 923 3045 Hälfte
943 3006 988 3036 der
1009 3006 1070 3044 nach

153 3053 309 3091 Frankreich
332 3052 471 3092 gesandten
486 3051 695 3088 Linientruppen
718 3049 746 3079 in
768 3051 786 3078 4
801 3047 937 3077 Monaten
960 3046 1071 3085 gefallen

150 3094 218 3123 oder
238 3093 307 3130 sonst
328 3091 532 3130 kampfunfähig
553 3092 699 3130 geworden.
739 3088 784 3127 In
803 3086 884 3123 dieser
897 3086 1072 3125 Berechnung

151 3132 212 3168 sind
233 3132 275 3162 die
295 3130 609 3169 Landwehrbataillone,
630 3129 671 3158 die
693 3129 760 3158 alles
782 3128 811 3158 in
833 3126 922 3156 Allem
944 3126 1072 3162 240,000

152 3171 251 3202 Mann
273 3172 375 3211 zählen,
397 3171 465 3209 nicht
486 3168 653 3209 inbegriffen.

217 3220 279 3252 Der
301 3219 528 3258 Berichterstatter
548 3219 591 3248 der
615 3217 748 3254 „Times"
772 3216 800 3247 in
822 3214 967 3246 Bordeaux
989 3213 1070 3252 bestä¬

152 3260 206 3300 tigt
228 3278 265 3283 —
288 3264 349 3291 was
372 3270 424 3290 von
446 3257 634 3297 verschiedenen
657 3256 757 3287 Seiten
789 3255 913 3296 gemeldet
934 3254 1001 3285 wird
1025 3270 1071 3288 —,

151 3300 209 3339 daß
231 3300 346 3339 Jules
370 3300 484 3337 Favre
516 3298 669 3336 Frankreich
703 3296 749 3334 auf
776 3296 821 3326 der
842 3294 980 3326 Londoner
998 3292 1072 3325 Kon¬

155 3340 245 3380 ferenz
281 3345 410 3371 vertreten
445 3338 503 3376 soll.
560 3337 687 3375 Preußen
719 3335 801 3366 werde
831 3334 946 3373 deßhalb
977 3332 1074 3371 ersucht

155 3380 278 3417 werden,
307 3380 366 3420 ihm
387 3379 462 3409 einen
484 3377 731 3416 „sauf-conduit"
752 3375 936 3413 auszustellen.
978 3373 1074 3410 Dieser

151 3419 301 3458 Entschluß
314 3420 357 3458 ist,
368 3420 425 3449 dem
436 3417 684 3456 Korrespondenten
705 3416 822 3455 zufolge,
844 3414 912 3452 nicht
933 3413 993 3451 nach
1016 3412 1073 3443 dem

150 3459 309 3498 Geschmack
341 3459 589 3493 Gambetta's,
621 3456 667 3486 der
696 3460 725 3486 es
755 3455 834 3486 lieber
866 3453 986 3493 gesehen,
1019 3452 1071 3490 daß

152 3499 311 3538 Frankreich
334 3499 382 3538 sich
404 3507 455 3528 von
477 3498 522 3527 der
542 3496 689 3535 Konferenz
721 3494 835 3535 gänzlich
865 3495 922 3531 fern
952 3492 1073 3532 gehalten

154 3539 238 3577 hätte.
260 3538 351 3578 (Nach
372 3538 443 3568 einer
464 3535 822 3574 Versaillerkorrespondenz,
843 3533 883 3564 die
897 3533 948 3563 wir
962 3541 1072 3571 morgen

151 3579 289 3617 bringen,
320 3580 393 3610 wäre
424 3576 541 3617 dagegen
571 3576 708 3615 Thiers
740 3578 784 3605 als
816 3573 952 3604 Vertreter
974 3581 1008 3602 an
1029 3573 1073 3601 der

154 3618 306 3659 Konferenz
327 3618 484 3655 bestimmt.)

217 3666 400 3708 Französische
422 3665 531 3697 Blätter
559 3663 780 3701 veröffentlichten
809 3662 883 3701 schon
904 3671 953 3692 vor
974 3660 1073 3699 einiger

153 3706 217 3745 Zeit
239 3708 315 3739 einen
348 3708 445 3746 langen
477 3704 581 3741 Brief
605 3704 776 3743 Guizot's
798 3711 832 3732 an
854 3701 894 3732 die
916 3701 1072 3740 Regierung

151 3747 203 3777 der
223 3745 580 3785 Nationalvertheidigung,
612 3744 657 3774 der
688 3753 745 3774 nun
776 3742 839 3779 auch
868 3750 922 3772 von
942 3740 1073 3779 deutschen

153 3786 285 3818 Blättern
315 3786 425 3824 vielfach
455 3785 577 3824 erwähnt
607 3784 686 3813 wird.
726 3783 771 3820 In
801 3781 895 3818 diesem
926 3772 1073 3818 Schreiben

151 3827 261 3865 ertheilt
290 3828 336 3857 der
368 3825 510 3865 ehemalige
543 3823 672 3860 Minister
703 3823 748 3853 der
777 3820 993 3860 Julimonarchie
1022 3818 1072 3850 den

154 3866 338 3907 Mitgliedern
360 3865 405 3896 der
425 3861 895 3903 Landesvertheidigungsregierung
916 3859 1073 3899 einestheils

154 3905 224 3943 seine
245 3906 335 3944 vollste
346 3905 538 3946 Zustimmung
560 3903 614 3934 und
625 3902 821 3941 Anerkennung
843 3901 888 3933 für
908 3900 965 3939 ihre
979 3900 1073 3938 außer¬

153 3945 330 3985 ordentlichen
343 3945 498 3984 Leistungen
521 3953 578 3983 zum
588 3942 677 3981 Zweck
691 3942 737 3972 der
746 3933 1072 3979 Landesvertheidigung;

152 3985 341 4024 anderntheils
364 3986 426 4015 aber
446 3984 538 4023 dringt
560 3992 585 4013 er
607 3981 814 4022 nachdrücklichst
835 3981 885 4018 auf
898 3979 1002 4017 baldige
1016 3978 1072 4017 Zu¬

154 4025 409 4064 sammenberufung
440 4023 512 4055 einer
543 4022 591 4060 frei
622 4022 769 4062 gewählten
796 4018 1073 4056 Nationalversamm¬

153 4064 235 4105 lung,
256 4066 335 4096 deren
358 4063 561 4101 unabweisliche
582 4059 812 4101 Nothwendigkeit
834 4069 863 4090 er
883 4060 994 4090 erörtert
1017 4058 1072 4089 und

154 4105 351 4145 nachzuweisen
373 4103 449 4142 sucht.
470 4103 576 4149 Guizot
598 4102 655 4141 hält
675 4101 763 4139 dafür,
785 4099 826 4131 die
847 4099 1003 4140 Regierung
1026 4097 1069 4136 sei,

152 4145 225 4183 ohne
245 4145 287 4176 die
298 4144 496 4182 Unterstützung
517 4151 587 4174 einer
609 4141 765 4181 gesetzlichen
776 4139 1071 4179 Nationalvertretung,

152 4184 202 4215 der
222 4185 390 4225 ungeheuren
423 4182 563 4223 Aufgabe,
594 4181 643 4213 den
663 4181 747 4220 Krieg
775 4179 825 4211 mit
846 4179 946 4219 Erfolg
973 4179 1071 4217 fortzu¬

152 4223 243 4262 setzen,
263 4225 332 4263 nicht
355 4223 509 4264 gewachsen,
532 4221 586 4253 und
607 4221 680 4268 fragt
695 4223 756 4260 nach
769 4221 819 4251 den
829 4218 968 4255 Motiven,
981 4218 1072 4257 welche

155 4263 192 4301 sie
204 4265 381 4303 veranlassen,
391 4263 432 4294 die
443 4261 634 4301 Einberufung
645 4270 718 4292 einer
730 4259 916 4298 Konstituante
935 4267 969 4305 zu
982 4261 1072 4289 unter¬

154 4303 249 4342 lassen.
274 4304 331 4335 Die
344 4303 441 4343 Sorge
462 4302 506 4341 für
525 4302 567 4334 die
587 4300 746 4340 Erhaltung
765 4300 812 4331 der
824 4299 969 4338 Republik,
988 4297 1073 4329 meint

152 4342 212 4381 Hr.
233 4343 351 4384 Guizot,
373 4344 454 4374 könne
474 4346 504 4373 es
526 4340 593 4380 nicht
615 4340 677 4378 sein,
709 4341 777 4371 denn
796 4338 864 4376 diese
884 4338 1071 4379 Regierungs¬

153 4382 229 4420 form
249 4383 285 4422 sei
304 4385 352 4415 als
373 4382 491 4423 gesichert
511 4391 547 4422 zu
565 4381 720 4421 betrachten,
730 4388 807 4412 wenn
827 4378 861 4416 sie
881 4378 929 4417 sich
949 4387 1003 4410 von
1022 4378 1073 4409 den

1121 849 1300 888 Auswüchsen
1307 847 1387 887 und
1410 846 1615 885 Experimenten
1635 849 1681 876 der
1703 844 1963 885 Sozialdemokratie
1983 848 2033 885 frei

1122 890 1192 929 halte
1215 888 1268 918 und
1290 888 1348 917 dem
1369 886 1456 918 Lande
1477 886 1552 921 biete,
1574 889 1634 916 was
1656 884 1713 924 ihm
1733 885 1798 924 noth
1820 885 1892 925 thue,
1914 886 2033 926 Freiheit

1121 928 1272 959 verbunden
1292 927 1342 957 mit
1364 926 1504 966 Ordnung
1536 925 1590 955 und
1613 924 1766 964 Sicherheit
1786 925 1832 956 der
1852 926 1957 964 Person
1978 928 2033 959 und

1120 969 1168 998 des
1190 967 1370 1007 Eigenthums
1392 976 1421 997 u.
1442 966 1461 1003 s.
1482 975 1517 996 w.
1560 966 1629 997 Eine
1650 965 1841 1003 Restauration
1867 966 1912 998 der
1941 967 2033 1005 Napo-

1121 1008 1260 1047 leon'schen
1282 1006 1416 1046 Dynastie
1437 1007 1469 1044 sei
1491 1006 1660 1046 unmöglich;
1691 1005 1746 1036 eine
1778 1006 1968 1041 Restauration
1989 1008 2034 1039 der

1121 1048 1291 1079 Bourbonen
1312 1047 1381 1086 nicht
1401 1056 1434 1086 zu
1455 1046 1595 1085 besorgen,
1627 1046 1686 1076 weil
1719 1045 1773 1084 ihre
1792 1046 1882 1083 Ideen
1902 1047 1947 1078 der
1967 1047 2035 1079 Ver¬

1123 1087 1283 1129 gangenheit
1313 1087 1463 1127 angehören
1495 1089 1551 1116 und
1579 1086 1628 1116 den
1648 1084 1837 1123 Bedürfnissen
1857 1087 1902 1116 der
1925 1086 2035 1128 Neuzeit

1122 1129 1189 1168 nicht
1222 1128 1319 1168 gerecht
1340 1137 1372 1167 zu
1394 1126 1496 1157 werden
1527 1125 1676 1164 verstehen,
1707 1125 1761 1155 und
1791 1125 1832 1156 die
1863 1126 2035 1165 Orleanisten

1123 1169 1219 1207 endlich
1253 1167 1317 1206 habe
1348 1167 1388 1198 die
1410 1166 1543 1205 Republik
1574 1166 1641 1205 nicht
1662 1174 1696 1205 zu
1717 1166 1846 1205 fürchten,
1879 1168 1940 1198 weil
1970 1168 2035 1205 diese

1122 1209 1273 1247 überhaupt
1304 1207 1373 1246 nicht
1393 1206 1678 1245 Thronprätendenten
1711 1205 1776 1242 seien
1808 1206 1862 1236 und
1892 1208 1936 1237 als
1958 1209 2034 1247 recht¬

1124 1249 1246 1288 schaffene
1267 1247 1435 1287 französische
1454 1245 1568 1286 Bürger
1595 1246 1681 1285 nichts
1703 1246 1814 1276 anderes
1836 1247 1970 1286 wünschen
1990 1249 2035 1278 als

1123 1290 1164 1319 die
1196 1287 1358 1328 Wohlfahrt
1390 1286 1574 1324 Frankreichs.
1596 1303 1632 1308 —
1652 1285 1697 1324 In
1719 1286 1769 1316 wie
1788 1286 1849 1317 weit
1869 1287 1915 1317 der
1936 1288 2036 1327 ehema¬

1123 1330 1176 1368 lige
1197 1328 1328 1366 Minister
1349 1327 1435 1358 Louis
1456 1326 1590 1365 Philipps
1618 1326 1697 1365 durch
1723 1325 1764 1356 die
1785 1326 1884 1365 Wucht
1904 1327 1949 1357 der
1969 1328 2036 1359 Ver¬

1124 1369 1245 1407 hältnisse
1268 1368 1348 1405 selber
1369 1368 1416 1407 sich
1438 1366 1579 1405 aufrichtig
1601 1375 1632 1406 zu
1653 1366 1735 1396 einem
1763 1366 1924 1402 besonnenen
1945 1368 2036 1406 Repu¬

1124 1410 1305 1440 blikanismus
1327 1408 1429 1447 bekehrt
1450 1407 1505 1447 hat,
1529 1407 1588 1444 läßt
1608 1406 1667 1445 sich
1667 1406 1729 1445 aus
1753 1406 1844 1442 seinem
1860 1406 1953 1446 Briefe
1974 1410 2035 1446 noch

1124 1450 1192 1485 nicht
1214 1448 1263 1479 mit
1285 1448 1456 1488 Gewißheit
1463 1446 1628 1484 entnehmen.

1184 1499 1255 1531 Eine
1285 1496 1528 1534 rumänische
1559 1498 1686 1535 Frage
1717 1495 1809 1534 scheint
1840 1500 1868 1526 es
1901 1498 1961 1530 trotz
1992 1496 2038 1527 der

1127 1538 1261 1579 offiziösen
1292 1538 1345 1568 und
1377 1536 1518 1576 offiziellen
1550 1535 1695 1567 Dementis
1726 1545 1782 1566 nun
1813 1535 1872 1573 doch
1905 1536 1934 1566 in
1956 1536 2038 1567 einem

1123 1577 1245 1617 gewissen
1267 1577 1361 1608 Sinne
1392 1586 1425 1617 zu
1456 1576 1544 1616 geben.
1588 1575 1641 1606 Als
1666 1574 1794 1615 unrichtig
1815 1575 1883 1606 wird
1911 1576 1964 1615 jetzt
1985 1585 2039 1607 nur

1124 1621 1177 1649 das
1199 1629 1234 1648 an
1254 1618 1302 1648 den
1323 1617 1404 1654 ersten
1426 1616 1535 1647 Wiener
1557 1615 1696 1654 Berichten
1717 1615 1862 1655 bezeichnet,
1884 1615 1936 1654 daß
1958 1615 2038 1654 Fürst

1126 1658 1195 1690 Karl
1226 1667 1278 1688 von
1312 1657 1466 1689 Rumänien
1497 1656 1546 1686 den
1568 1655 1703 1694 Vertrag,
1735 1656 1851 1694 welchem
1883 1655 2039 1687 Rumänien

1127 1699 1193 1736 seine
1214 1698 1299 1737 jetzige
1320 1697 1441 1736 Existenz
1471 1696 1613 1731 verdankt,
1645 1695 1769 1735 gekündet
1791 1695 1864 1734 habe.
1908 1694 2039 1736 Dagegen

1128 1739 1195 1770 wird
1216 1739 1255 1769 die
1278 1737 1413 1776 Meldung
1435 1738 1478 1767 der
1501 1735 1646 1773 „Times",
1679 1735 1783 1775 wonach
1816 1735 1894 1773 Fürst
1915 1735 1983 1767 Karl
2005 1746 2040 1766 an

1128 1778 1168 1810 die
1190 1777 1421 1816 Garantiemächte
1441 1777 1487 1807 des
1503 1775 1751 1816 Pariservertrages
1772 1775 1812 1805 ein
1829 1775 2041 1806 Memorandum

1128 1817 1246 1858 gerichtet
1269 1817 1333 1856 hat,
1365 1817 1419 1853 jetzt
1440 1816 1499 1855 auch
1520 1816 1550 1846 in
1570 1817 1615 1846 der
1638 1815 1739 1853 „Köln.
1759 1815 1842 1854 Ztg."
1866 1820 1918 1846 aus
1940 1815 2041 1847 Berlin

1128 1859 1181 1889 und
1214 1859 1242 1888 in
1274 1859 1318 1887 der
1346 1853 1438 1896 „Allg.
1458 1855 1540 1895 Ztg."
1565 1860 1618 1886 aus
1640 1855 1721 1886 Wien
1743 1855 1883 1894 bestätigt,
1915 1856 1967 1885 und
1999 1856 2041 1886 die

1131 1899 1187 1937 „N.
1209 1898 1258 1935 Fr.
1279 1896 1348 1933 Pr."
1365 1888 1504 1936 versichert,
1526 1896 1577 1934 daß
1590 1895 1631 1926 ein
1645 1895 1855 1934 Handschreiben
1869 1896 1916 1926 des
1929 1895 2042 1933 Fürsten

1129 1949 1165 1970 an
1185 1939 1236 1969 den
1255 1936 1350 1974 Kaiser
1370 1946 1424 1967 von
1444 1935 1603 1974 Oesterreich
1633 1935 1663 1966 in
1690 1934 1772 1966 Wien
1804 1934 1976 1975 eingetroffen
1997 1935 2041 1973 sei,

1131 1979 1237 2018 welches
1260 1979 1304 2007 als
1327 1976 1473 2014 Vorläufer
1494 1976 1537 2011 für
1552 1975 1602 2006 das
1624 1975 1836 2006 Memorandum
1856 1975 1949 2007 dienen
1970 1975 2042 2012 solle.

1132 2020 1187 2050 Als
1208 2017 1312 2056 Inhalt
1332 2017 1379 2047 des
1393 2015 1618 2054 Handschreibens
1638 2015 1740 2046 werden
1760 2015 1822 2053 zwei
1843 2014 1946 2052 Punkte
1967 2024 2042 2046 nam¬

1132 2059 1190 2097 haft
1212 2058 1345 2098 gemacht:
1377 2060 1407 2087 es
1439 2056 1486 2094 soll
1516 2055 1595 2085 darin
1615 2056 1671 2085 dem
1691 2053 1844 2092 Bedürfniß
1867 2055 1936 2086 einer
1958 2057 2042 2086 unab¬

1135 2099 1268 2138 hängigen
1301 2096 1435 2136 Stellung
1455 2095 1628 2127 Rumäniens
1658 2095 1719 2132 nach
1756 2095 1850 2133 Außen
1882 2094 1937 2125 und
1971 2095 2043 2127 einer

1130 2139 1258 2174 Revision
1280 2137 1325 2167 der
1346 2135 1510 2174 bestehenden
1523 2134 1682 2174 Verfassung
1697 2134 1832 2166 Ausdruck
1846 2135 1957 2174 gegeben
1979 2135 2041 2172 sein.

1130 2178 1206 2210 Dem
1226 2177 1354 2209 Berliner
1374 2176 1499 2215 Korresp.
1519 2175 1566 2205 der
1589 2175 1687 2212 „Köln.
1708 2174 1790 2214 Ztg."
1823 2175 1928 2215 zufolge
1949 2175 2042 2215 bringt

1131 2219 1211 2256 Fürst
1232 2217 1301 2250 Karl
1324 2218 1351 2247 in
1372 2217 1430 2246 dem
1451 2214 1568 2254 Expose,
1588 2214 1639 2244 das
1660 2215 1709 2245 den
1728 2214 1928 2253 Großmächten
1949 2216 2042 2255 mitge¬

1131 2259 1208 2298 theilt
1228 2258 1327 2294 wurde,
1348 2257 1388 2287 die
1402 2256 1491 2287 innere
1506 2254 1653 2285 Situation
1667 2255 1713 2285 des
1727 2253 1830 2285 Landes
1845 2263 1891 2294 zur
1904 2255 2042 2293 Kenntniß

1131 2298 1211 2335 dieser
1231 2297 1359 2336 Mächte,
1389 2296 1444 2326 und
1471 2296 1567 2326 erklärt
1589 2294 1652 2331 seine
1683 2293 1834 2338 Stellung,
1865 2291 1942 2326 wenn
1974 2295 2043 2325 keine

1131 2338 1266 2370 Remedur
1286 2336 1404 2376 geschafft
1427 2334 1524 2370 würde,
1546 2334 1591 2371 für
1611 2334 1763 2372 unhaltbar.
1785 2333 1857 2363 Was
1881 2334 1920 2364 die
1934 2333 2043 2372 Mächte

1131 2377 1285 2424 Angesichts
1307 2377 1352 2406 der
1372 2377 1557 2415 angedeuteten
1578 2373 1737 2414 Thatsachen
1758 2374 1825 2412 thun
1844 2373 1956 2410 werden,
1977 2374 2043 2413 steht

1130 2418 1233 2456 dahin;
1255 2416 1303 2447 wie
1325 2416 1386 2446 aber
1405 2415 1446 2446 die
1467 2413 1564 2454 Dinge
1584 2415 1687 2453 liegen,
1708 2413 1740 2450 ist
1760 2414 1833 2444 kaum
1854 2413 2042 2453 anzunehmen,

1131 2458 1183 2496 daß
1205 2458 1246 2488 die
1267 2456 1455 2496 Regierungen
1475 2455 1529 2493 jetzt
1549 2454 1614 2491 diese
1629 2454 1713 2494 Frage
1724 2463 1755 2493 zu
1775 2453 1844 2490 lösen
1856 2454 2043 2492 unternehmen

1132 2498 1235 2535 sollten.

1192 2546 1338 2586 Wichtige,
1370 2546 1432 2576 aber
1458 2544 1642 2583 unerfreuliche
1665 2543 1832 2582 Nachrichten
1858 2544 1958 2574 werden
1991 2548 2043 2573 aus

1132 2586 1324 2625 Spanien
1357 2585 1391 2624 (s.
1413 2585 1534 2624 Telegr.)
1568 2583 1700 2624 gemeldet.
1742 2582 1797 2614 Die
1819 2584 1961 2623 Vorgänge
1989 2583 2043 2614 und

1131 2626 1280 2666 Beschlüsse
1299 2626 1329 2656 in
1348 2626 1399 2656 den
1418 2625 1518 2656 Kortes
1546 2624 1615 2663 nicht
1635 2624 1751 2663 weniger
1780 2625 1824 2653 als
1850 2624 1902 2654 das
1924 2623 2045 2654 Attentat

1132 2668 1179 2705 auf
1202 2667 1282 2704 Prim
1302 2665 1409 2706 zeigen,
1441 2664 1549 2703 welchen
1572 2664 1709 2702 Gefahren
1730 2663 1857 2701 Spanien
1885 2663 2045 2703 neuerdings

1133 2713 1258 2747 entgegen
1280 2707 1354 2745 geht,
1386 2706 1439 2736 und
1467 2705 1516 2736 wie
1545 2704 1630 2744 wenig
1651 2704 1691 2734 die
1712 2703 1739 2739 so
1761 2703 1875 2743 glücklich
1897 2704 2046 2742 vollzogene

1133 2746 1298 2779 Revolution
1331 2746 1470 2785 schließlich
1502 2744 1547 2775 der
1578 2744 1692 2783 Freiheit
1728 2746 1779 2773 und
1810 2742 1967 2783 Wohlfahrt
1998 2743 2045 2773 des

1133 2787 1238 2819 Landes
1259 2796 1290 2825 zu
1310 2786 1403 2817 dienen
1424 2784 1571 2824 verspricht.

1407 2940 1492 2971 Aus
1529 2937 1789 2979 Versailles.

1350 2991 1563 3026 (Orig.-Korresp.
1584 2999 1640 3018 vom
1666 2990 1702 3018 23
1733 2990 1834 3024 Dezbr.)

1196 3035 1232 3073 G.
1253 3035 1305 3072 Ich
1338 3036 1435 3063 komme
1466 3031 1540 3071 heute
1575 3035 1658 3062 etwas
1693 3032 1776 3070 später
1807 3040 1867 3071 zum
1900 3030 2046 3070 Schreiben

1133 3075 1238 3105 meines
1268 3073 1384 3111 Briefs,
1414 3072 1482 3103 denn
1503 3071 1550 3108 seit
1572 3072 1706 3102 Stunden
1727 3071 1758 3107 ist
1777 3070 1829 3101 das
1850 3070 2047 3110 Telegraphen¬

1133 3114 1250 3147 Bureau
1272 3112 1441 3153 Gegenstand
1464 3111 1616 3148 besonderer
1638 3110 1886 3148 Aufmerksamkeit.
1914 3111 2047 3143 General¬

1135 3153 1375 3193 Stabs-Offiziere
1404 3154 1520 3182 kommen
1541 3152 1595 3182 und
1617 3152 1682 3182 eilen
1704 3151 1753 3182 mit
1774 3150 1923 3188 Depeschen
1948 3149 2047 3181 davon.

1133 3195 1195 3225 Und
1217 3195 1244 3232 so
1266 3194 1317 3224 viel
1338 3193 1405 3231 weiß
1427 3201 1500 3228 man,
1523 3191 1579 3222 eine
1600 3191 1775 3231 Schlacht
1796 3190 1828 3229 ist
1848 3190 1969 3230 zwischen
1989 3191 2047 3220 dem

1135 3233 1264 3266 General
1264 3233 1294 3266 v.
1316 3231 1573 3269 Manteussel
1593 3232 1647 3262 und
1671 3231 1871 3269 Faidherbe
1893 3230 2047 3261 entbrannt.

1135 3274 1198 3305 Wie
1221 3275 1267 3305 der
1279 3273 1414 3312 Ausgang
1437 3271 1489 3309 sein
1511 3271 1589 3308 wird,
1605 3275 1670 3302 kann
1686 3271 1741 3302 kein
1755 3270 1863 3310 Mensch
1876 3270 1937 3309 noch
1955 3269 2048 3310 sagen;

1133 3314 1174 3344 die
1197 3314 1358 3353 Spannung
1379 3312 1412 3349 ist
1431 3312 1487 3342 eine
1507 3320 1575 3351 ganz
1595 3310 1843 3350 außerordentliche.

1198 3359 1255 3392 Die
1276 3358 1508 3398 Diplomatie
1530 3358 1607 3393 wird,
1629 3357 1678 3388 wie
1700 3357 1761 3394 nach
1773 3357 1830 3387 dem
1840 3357 1961 3397 jüngsten
1973 3356 2049 3387 Aus¬

1137 3402 1186 3439 fall
1208 3410 1260 3432 von
1283 3400 1381 3437 Paris,
1403 3398 1464 3436 auch
1487 3397 1583 3428 wieder
1603 3397 1648 3435 sich
1671 3396 1781 3432 beeilen,
1815 3406 1876 3436 mag
1897 3397 1937 3427 die
1958 3396 2048 3435 Sache

1138 3441 1274 3477 ausfallen
1296 3440 1345 3470 wie
1365 3439 1398 3476 sie
1419 3439 1485 3475 will,
1500 3438 1558 3476 ihre
1579 3444 1658 3477 guten
1672 3436 1783 3474 Dienste
1797 3436 1961 3476 anzubieten.
1982 3435 2047 3467 Odo

1138 3481 1231 3519 Russel
1252 3481 1298 3520 hat
1320 3479 1364 3517 seit
1385 3480 1422 3509 48
1435 3477 1568 3508 Stunden
1588 3478 1706 3516 zweimal
1719 3476 1838 3515 Audienz
1862 3476 1928 3507 beim
1941 3475 2047 3512 Grafen

1137 3531 1163 3551 v.
1184 3520 1328 3551 Bismarck
1348 3519 1451 3558 gehabt.
1494 3516 1734 3554 Waffenstillstand
1755 3516 1810 3547 und
1832 3515 2048 3553 Präliminarien

1137 3570 1199 3600 zum
1221 3559 1335 3598 Frieden
1356 3560 1411 3595 sind
1431 3557 1473 3588 die
1485 3557 1612 3594 Centren,
1634 3566 1680 3587 um
1702 3556 1791 3594 welche
1805 3555 1852 3594 sich
1865 3556 1942 3586 Alles
1956 3554 2046 3593 dreht;

1137 3600 1292 3640 dazwischen
1314 3600 1383 3636 läuft
1404 3599 1458 3628 eine
1479 3596 1751 3636 Beglückwünschung
1775 3595 1823 3626 des
1843 3595 1952 3635 Königs
1975 3593 2048 3625 Wil¬

1138 3640 1208 3679 helm
1230 3639 1348 3671 Seitens
1379 3639 1423 3669 der
1454 3637 1597 3676 englischen
1629 3636 1785 3676 Regierung
1807 3645 1839 3674 zu
1860 3636 1905 3666 der
1926 3644 1977 3665 von
1998 3634 2048 3664 den

1136 3680 1269 3719 deutschen
1290 3679 1401 3717 Fürsten
1422 3677 1476 3708 und
1498 3677 1580 3714 freien
1602 3676 1723 3706 Städten
1744 3676 1922 3715 angebotenen
1942 3673 2047 3710 Kaiser¬

1138 3721 1214 3751 krone
1235 3720 1286 3755 ein,
1308 3720 1367 3758 doch
1388 3723 1447 3748 was
1469 3718 1539 3754 nützt
1558 3716 1616 3746 dies
1638 3715 1733 3746 Alles!
1755 3714 1831 3752 Graf
1850 3724 1877 3745 v.
1898 3713 2046 3750 Bismarck,

1136 3759 1182 3790 der
1203 3769 1257 3791 von
1278 3760 1350 3790 einer
1370 3756 1579 3795 unermüdlichen
1591 3755 1771 3792 Arbeitskraft
1792 3754 1882 3791 beseelt
1896 3754 1938 3792 ist,
1950 3753 2046 3792 schürzt

1141 3800 1196 3831 und
1217 3801 1275 3830 löst
1295 3799 1337 3829 die
1356 3798 1471 3830 Knoten.
1512 3795 1570 3827 Die
1590 3795 1738 3834 Depeschen
1767 3794 1832 3824 über
1860 3794 1901 3824 die
1922 3793 2046 3830 Pontus-

1140 3840 1196 3870 und
1208 3838 1488 3878 Luremburgerfrage,
1510 3835 1565 3866 und
1585 3835 1740 3875 diejenigen,
1761 3834 1849 3872 welche
1864 3832 2045 3872 Deutschland

1138 3879 1179 3911 die
1206 3878 1476 3917 Weiterentwicklung
1497 3885 1529 3922 zu
1552 3875 1632 3913 seiner
1662 3874 1772 3913 Einheit
1802 3874 1957 3912 gewähren,
1989 3872 2046 3909 sind

1138 3929 1192 3950 von
1213 3919 1296 3956 seiner
1316 3918 1398 3957 Hand
1420 3917 1542 3958 redigirt.
1576 3914 1674 3946 Weder
1694 3914 1758 3945 über
1779 3912 1993 3950 Präliminarien
2015 3921 2047 3952 zu

1137 3960 1221 3990 einem
1242 3956 1490 3996 Waffenstillstand,
1511 3956 1574 3994 noch
1595 3955 1659 3986 über
1679 3954 1758 3993 solche
1777 3962 1810 3992 zu
1830 3952 1913 3983 einem
1935 3951 2047 3990 Frieden

1137 3999 1170 4036 ist
1190 4008 1254 4030 man
1274 3998 1305 4030 in
1324 3999 1374 4029 den
1394 3996 1520 4034 Conseils
1541 3995 1629 4043 einig;
1660 3995 1722 4025 aber
1741 3994 1793 4023 das
1815 3993 1879 4032 steht
1899 3992 1959 4030 fest,
1985 3995 2046 4021 was

1137 4048 1201 4070 man
1222 4038 1284 4077 nach
1308 4038 1407 4069 Sedan
1426 4038 1570 4075 verlangte,
1602 4035 1701 4072 fordert
1731 4042 1794 4063 man
1822 4032 1884 4071 noch
1907 4032 1981 4062 heute
2002 4033 2047 4061 als

1137 4078 1251 4117 Basis
1271 4080 1333 4109 des
1355 4078 1532 4115 Friedens
1554 4074 1608 4106 und
1629 4074 1719 4113 scheint
1731 4082 1794 4104 man
1808 4073 1897 4103 davon
1910 4071 2048 4110 deutscher¬

1136 4118 1201 4157 seits
1222 4118 1323 4156 vorerst
1342 4118 1411 4157 nicht
1431 4115 1590 4157 abzugehen.

1196 4172 1265 4205 Das
1286 4171 1617 4212 Blutvergießen
1636 4169 1697 4209 geht
1716 4167 1867 4208 inzwischen
1886 4166 1932 4206 auf
1958 4165 2049 4197 beiden

1136 4214 1236 4246 Seiten
1267 4212 1457 4254 ungeschwächt
1485 4210 1583 4242 weiter.
1623 4209 1685 4241 Mit
1714 4208 1796 4248 jedem
1817 4206 1880 4247 Tag
1911 4205 1977 4237 wird
2007 4206 2050 4237 die

1135 4254 1257 4293 Zukunft
1277 4263 1332 4284 von
1341 4252 1499 4291 Hunderten
1519 4259 1573 4281 von
1583 4249 1717 4288 Familien
1738 4247 1895 4286 vernichtet;
1914 4246 1981 4292 dazu
1996 4246 2049 4277 das

1136 4292 1282 4334 wachsende
1301 4293 1400 4326 Elend.
1439 4291 1503 4323 Der
1522 4290 1646 4321 Arbeiter
1676 4288 1809 4329 hungert,
1838 4286 1884 4318 der
1905 4286 1998 4324 Reiche
2019 4286 2051 4325 ist

1136 4336 1200 4372 fort,
1222 4333 1277 4366 und
1297 4333 1343 4364 der
1362 4330 1544 4370 Mittelstand,
1554 4330 1601 4361 der
1619 4328 1689 4369 nicht
1707 4328 1749 4361 die
1761 4326 1938 4367 ausgiebigen
1951 4325 2051 4357 Mittel

1136 4373 1229 4412 besitzt,
1250 4372 1284 4411 ist
1303 4372 1385 4404 allein
1405 4371 1474 4412 nicht
1493 4370 1524 4401 in
1543 4369 1588 4401 der
1600 4368 1679 4409 Lage,
1698 4367 1740 4401 die
1760 4367 1863 4399 Armen
1882 4365 2050 4403 unterstützen

2096 849 2128 880 zu
2149 840 2259 871 können.
2288 841 2400 879 Gestenrn
2423 842 2512 873 wurde
2532 843 2574 873 ein
2596 842 2774 874 verwundeter
2795 841 2938 880 Deutscher
2951 841 3010 882 hier

2097 880 2266 920 eingebracht,
2277 880 2334 911 dem
2349 880 2389 913 die
2404 881 2492 912 beiden
2504 882 2697 915 Extremitäten
2709 882 2892 922 zerschmettert
2904 891 3011 921 waren;

2097 920 2141 951 der
2162 920 2243 951 Arme
2263 921 2399 959 jammerte
2420 921 2481 960 nach
2504 922 2597 959 seinem
2613 921 2692 953 Weib
2714 922 2768 953 und
2789 922 2876 960 seinen
2889 921 3009 953 Kindern

2098 960 2151 991 und
2173 960 2272 1001 fragte:
2315 960 2402 998 „Wer
2433 961 2501 992 wird
2532 972 2590 993 nun
2621 962 2705 993 meine
2735 971 2826 993 armen
2846 961 2949 994 Kinder
2968 971 3008 993 er¬

2097 1000 2221 1040 nähren?
2236 1024 2244 1031 .
2259 1003 2306 1031 .."
2350 1000 2419 1033 Das
2440 1001 2549 1040 härteste
2567 1002 2639 1041 Herz
2669 1002 2737 1033 kann
2765 1012 2800 1033 an
2821 1002 2893 1033 einer
2911 1001 3011 1041 solchen

2099 1040 2190 1071 Scene
2210 1040 2277 1078 nicht
2298 1041 2467 1082 gleichgültig
2487 1041 2695 1083 vorübergehen,
2725 1042 2779 1072 und
2801 1042 2863 1080 auch
2887 1041 2962 1080 Graf
2980 1052 3009 1073 v.

2097 1079 2238 1112 Bismarck
2258 1080 2372 1120 ignorirt
2395 1081 2429 1118 sie
2449 1081 2525 1120 nicht.
2548 1081 2610 1113 Der
2629 1081 2730 1128 König,
2752 1082 2856 1120 welcher
2877 1082 2927 1112 ein
2944 1085 3011 1117 zart¬

2099 1120 2237 1159 fühlendes
2258 1120 2326 1161 Herz
2349 1121 2404 1160 hat,
2417 1121 2514 1159 besucht
2535 1122 2627 1162 häufig
2647 1122 2689 1152 die
2709 1122 2848 1159 Lazarethe
2870 1122 2922 1152 und
2938 1117 3010 1162 Spi¬

2098 1163 2165 1191 täler
2185 1160 2238 1191 und
2259 1161 2346 1199 richtet
2361 1159 2457 1192 Worte
2476 1161 2523 1192 des
2539 1161 2649 1198 Trostes
2671 1162 2725 1192 und
2746 1167 2790 1193 der
2805 1160 3011 1201 Ermuthigung

2099 1210 2133 1231 an
2154 1200 2195 1231 die
2216 1210 2308 1231 armen
2328 1200 2474 1239 Blessirten
2493 1202 2547 1232 und
2568 1201 2649 1232 belebt
2672 1201 2728 1240 ihre
2747 1201 2944 1241 Hoffnungen,
2974 1201 3011 1232 da

2099 1251 2126 1271 er
2146 1241 2180 1277 sie
2199 1250 2245 1271 um
2266 1240 2498 1278 Familiendetails
2518 1242 2630 1282 befragt.
2671 1241 2743 1272 Aber
2772 1245 2833 1272 was
2863 1243 2953 1279 nützen
2972 1241 3012 1271 all

2099 1280 2164 1317 diese
2186 1280 2431 1321 Samaritergänge
2451 1282 2506 1312 und
2527 1281 2656 1319 Dienste,
2686 1291 2761 1312 wenn
2792 1291 2855 1312 man
2884 1281 2951 1319 nicht
2969 1281 3012 1311 die

2100 1314 2208 1360 Ursache
2238 1321 2274 1351 all
2299 1320 2380 1357 dieses
2403 1322 2508 1352 Elends
2530 1321 2654 1361 aufhebt,
2687 1322 2727 1352 die
2747 1320 2847 1352 Quelle
2880 1321 3012 1358 desselben

2100 1360 2177 1400 durch
2197 1361 2246 1391 den
2268 1360 2376 1397 Frieden
2399 1361 2545 1399 verstopft?
2587 1361 2659 1392 Nur
2669 1361 2818 1400 derjenige,
2846 1360 2952 1399 welcher
2970 1360 3012 1391 die

2100 1401 2163 1437 Ufer
2184 1401 2228 1431 der
2250 1400 2324 1432 Loire
2345 1400 2397 1432 und
2420 1401 2460 1431 die
2481 1400 2638 1441 Umgebung
2660 1410 2713 1432 von
2735 1400 2823 1436 Paris
2845 1400 2942 1437 kennt,
2969 1399 3012 1431 die

2101 1440 2251 1480 Schönheit
2281 1441 2325 1471 der
2357 1441 2491 1480 lachenden
2514 1441 2623 1476 Gefilde
2652 1441 2702 1470 mit
2728 1441 2833 1481 eigenen
2855 1440 2951 1480 Augen
2970 1450 3012 1480 ge¬

2101 1481 2195 1520 schaut,
2218 1481 2294 1518 weiß,
2316 1486 2374 1512 was
2397 1485 2427 1511 es
2448 1481 2529 1520 heißt,
2551 1490 2626 1512 wenn
2646 1481 2683 1520 ich
2705 1481 2827 1519 schreibe:
2870 1479 2939 1516 Da,
2969 1489 3012 1511 wo

2101 1521 2215 1552 Armeen
2236 1530 2355 1561 gezogen,
2378 1521 2410 1558 ist
2431 1521 2471 1551 die
2492 1521 2605 1560 Gegend
2627 1520 2824 1560 ausgestorben,
2838 1520 2880 1551 die
2894 1519 3011 1551 Stätten

2100 1562 2146 1592 des
2170 1560 2360 1599 Wohlstandes
2381 1560 2438 1598 sind
2460 1561 2574 1600 zerstört,
2590 1561 2631 1591 die
2644 1560 2738 1597 Felder
2760 1561 2815 1597 sind
2834 1559 2902 1599 nicht
2916 1559 3014 1598 bestellt

2101 1602 2155 1631 und
2186 1601 2235 1631 mit
2265 1601 2322 1631 dem
2353 1600 2466 1639 Frieden
2497 1602 2594 1631 kommt
2624 1601 2668 1630 der
2698 1600 2811 1640 Hunger
2843 1600 2908 1630 über
2940 1599 3014 1630 weite

2102 1641 2241 1678 Distrikte.

2161 1691 2219 1724 Die
2240 1691 2426 1730 Einberufung
2446 1691 2517 1722 einer
2535 1690 2839 1728 Konstituante,
2860 1689 2939 1720 deren
2959 1689 3015 1720 Be¬

2103 1732 2203 1772 schlüsse
2225 1732 2306 1762 einem
2328 1731 2463 1770 Plebiszit
2493 1733 2555 1770 noch
2582 1731 2760 1768 unterworfen
2790 1730 2893 1760 werden
2923 1729 3014 1766 sollen,

2104 1772 2184 1809 findet
2204 1772 2353 1811 inzwischen
2375 1772 2469 1801 immer
2489 1772 2563 1810 mehr
2594 1773 2648 1801 und
2668 1771 2742 1808 mehr
2763 1770 2929 1809 Anhänger,
2959 1768 3014 1799 und

2103 1812 2165 1851 auch
2187 1812 2225 1841 im
2246 1810 2487 1851 Generalquartier
2508 1811 2540 1850 ist
2560 1820 2624 1841 man
2643 1811 2689 1841 der
2709 1810 2798 1849 Sache
2818 1810 2886 1848 nicht
2906 1809 2933 1846 so
2948 1818 3015 1848 ganz

2104 1852 2249 1892 abgeneigt.
2297 1851 2353 1882 Die
2383 1850 2547 1889 Pessimisten
2578 1852 2650 1890 legen
2683 1850 2765 1888 jedoch
2798 1849 2886 1880 keinen
2918 1848 3014 1887 Werth

2103 1892 2198 1929 darauf
2219 1892 2271 1922 und
2293 1891 2324 1928 sie
2340 1892 2494 1930 behaupten,
2516 1891 2579 1928 daß,
2602 1899 2679 1920 wenn
2701 1891 2761 1928 auch
2777 1889 2864 1925 Paris
2880 1889 2942 1925 falle
2960 1888 3014 1919 und

2104 1932 2144 1963 die
2164 1931 2299 1962 nationale
2328 1931 2491 1970 Vertretung
2519 1931 2566 1969 sich
2587 1931 2631 1968 für
2650 1929 2700 1960 den
2721 1929 2833 1966 Frieden
2854 1928 3015 1967 ausspreche,

2105 1973 2155 2003 das
2186 1972 2255 2002 Volk
2286 1972 2359 2008 selbst
2392 1970 2429 2001 im
2451 1970 2584 2010 Plebiszit
2616 1969 2685 2007 nicht
2714 1969 2764 1999 mit
2796 1968 2873 2006 „Ja"
2896 1969 3016 2005 stimmen

2105 2011 2196 2043 werde.
2238 2011 2396 2051 Allerdings
2418 2011 2503 2048 dürfte
2523 2014 2552 2040 es
2575 2010 2665 2049 schwer
2687 2009 2749 2046 sein,
2770 2009 2815 2047 auf
2835 2007 3018 2046 französischer

2106 2052 2186 2083 Seite
2199 2051 2240 2082 die
2252 2050 2324 2091 Ehre
2345 2061 2375 2091 zu
2397 2054 2478 2080 retten
2498 2050 2551 2080 und
2572 2051 2618 2087 auf
2637 2048 2797 2088 preußischer
2819 2049 2865 2079 der
2888 2047 3016 2084 Träume,

2105 2092 2189 2129 Elsaß
2221 2093 2276 2122 und
2306 2090 2467 2130 Lothringen
2498 2099 2531 2129 zu
2562 2090 2684 2127 besitzen,
2716 2088 2763 2127 sich
2787 2097 2820 2128 zu
2844 2087 3015 2126 entschlagen.

2103 2132 2155 2170 Ich
2178 2132 2286 2169 fürchte,
2307 2132 2359 2170 daß
2381 2131 2427 2161 der
2447 2129 2547 2167 Kampf
2567 2129 2614 2168 sich
2634 2129 2696 2167 noch
2718 2129 2793 2159 einen
2814 2128 2914 2168 großen
2936 2126 3016 2166 Theil

2104 2173 2152 2203 des
2175 2172 2291 2209 nächsten
2309 2172 2417 2209 Jahres
2443 2170 2578 2209 hinziehen
2609 2168 2696 2207 wird;
2728 2169 2782 2199 und
2812 2168 2852 2198 Die
2884 2166 3017 2204 Männer,

2105 2212 2194 2251 welche
2216 2212 2368 2250 Frankreich
2389 2210 2473 2247 diesen
2494 2210 2548 2248 jetzt
2568 2219 2600 2249 zu
2621 2209 2695 2254 Tage
2716 2208 2846 2239 tretenden
2862 2206 2948 2246 Muth
2968 2206 3017 2237 des

2106 2251 2306 2289 Widerstandes
2338 2251 2524 2291 eingehaucht,
2555 2249 2622 2280 wird
2652 2250 2693 2279 die
2714 2247 2861 2286 Geschichte
2891 2246 2935 2277 nie
2960 2256 3019 2277 ver¬

2106 2288 2202 2334 gessen.

2161 2340 2285 2379 Obschon
2305 2341 2346 2371 die
2366 2339 2528 2378 Mitglieder
2548 2340 2594 2369 der
2606 2336 2854 2376 Kaiserdeputation
2869 2334 3014 2371 Versailles

2102 2380 2238 2418 verlassen,
2258 2380 2286 2416 so
2306 2380 2402 2420 glaube
2422 2379 2458 2418 ich
2470 2378 2568 2416 Ihnen
2586 2377 2645 2415 doch
2668 2376 2729 2416 noch
2752 2376 2807 2406 eine
2827 2375 3017 2415 merkwürdige

2104 2420 2229 2451 Antwort
2255 2420 2302 2451 des
2324 2419 2433 2457 Grafen
2457 2428 2483 2449 v.
2505 2417 2644 2449 Bismarck
2666 2417 2711 2453 auf
2731 2416 2787 2447 eine
2807 2415 2894 2454 Frage
2915 2414 3016 2454 einiger

2104 2459 2473 2500 Deputations-Mitglieder,
2488 2467 2594 2488 warum
2607 2455 2658 2488 das
2680 2455 3016 2487 Bombardement

2103 2510 2155 2531 von
2177 2499 2264 2536 Paris
2285 2500 2347 2539 noch
2367 2498 2438 2538 nicht
2451 2499 2597 2538 begonnen,
2618 2496 2764 2536 mittheilen
2779 2504 2810 2534 zu
2824 2495 2916 2533 sollen.
2939 2493 3016 2532 Graf

2103 2551 2128 2571 v.
2151 2540 2290 2571 Bismarck
2311 2540 2360 2577 soll
2373 2542 2547 2579 geantwortet
2561 2538 2665 2577 haben:
2689 2535 2751 2574 „Es
2766 2536 2822 2576 gibt
2836 2533 3017 2573 Geheimnisse

2103 2580 2132 2611 in
2153 2580 2197 2611 der
2218 2579 2388 2619 Diplomatie
2410 2579 2462 2609 und
2485 2578 2513 2608 in
2534 2577 2579 2608 der
2601 2576 2762 2616 Strategie,
2793 2575 2833 2606 die
2865 2584 2928 2604 man
2947 2574 3016 2612 nicht

2103 2621 2164 2659 eher
2183 2620 2293 2651 bekannt
2313 2629 2347 2659 zu
2367 2618 2472 2658 machen
2491 2618 2605 2653 beliebt,
2635 2617 2681 2646 als
2712 2617 2741 2646 in
2770 2615 2829 2645 dem
2857 2613 3019 2654 günstigsten

2105 2660 2269 2701 Augenblick.
2291 2659 2349 2691 Die
2370 2658 2513 2695 Männer,
2535 2649 2624 2696 welche
2645 2665 2682 2687 an
2701 2656 2746 2687 der
2767 2655 2862 2694 Spitze
2881 2654 2926 2684 der
2946 2653 3019 2684 mili¬

2105 2701 2229 2740 tärischen
2249 2699 2403 2738 Operation
2425 2698 2519 2738 stehen,
2541 2698 2635 2728 kennen
2658 2696 2703 2734 auf
2723 2696 2774 2726 das
2796 2694 2944 2732 Genaueste
2962 2693 3015 2723 das

2105 2741 2165 2777 Pro
2185 2740 2239 2771 und
2262 2740 2375 2772 Contra.
2418 2737 2560 2776 Dieselben
2593 2736 2676 2776 haben
2707 2736 2751 2767 bis
2781 2736 2835 2774 jetzt
2867 2734 2906 2764 die
2934 2733 3021 2772 besten

2106 2780 2224 2816 Beweise
2245 2780 2359 2820 geliefert
2385 2779 2439 2809 und
2461 2778 2562 2809 werden
2588 2776 2726 2816 jedenfalls
2749 2776 2798 2806 alle
2819 2774 3018 2815 Erwartungen

2105 2820 2248 2857 realisiren.
2290 2819 2421 2852 Geduld!
2453 2818 2518 2849 Wir
2542 2817 2599 2855 sind
2629 2816 2690 2855 noch
2722 2815 2790 2854 nicht
2820 2824 2865 2845 am
2896 2814 3019 2852 Schlusse

2106 2861 2214 2898 unseres
2236 2859 2462 2899 Unternehmens!
2484 2857 2546 2889 Der
2566 2856 2694 2889 Eindruck
2714 2856 2743 2886 in
2757 2855 2902 2893 Versailles
2919 2854 2950 2892 ist
2962 2855 3018 2891 der,

2106 2901 2158 2940 daß
2179 2900 2220 2931 die
2241 2900 2416 2940 Belagerung
2437 2898 2490 2935 von
2512 2898 2636 2935 Paris
2659 2896 2704 2935 sich
2726 2896 2859 2935 höchstens
2875 2894 2920 2925 bis
2932 2893 3018 2925 Mitte

2105 2941 2218 2979 Januar
2239 2940 2374 2980 hinziehen
2396 2939 2471 2969 wird.
2513 2938 2680 2977 Ueberhaupt
2710 2936 2768 2975 läßt
2797 2935 2842 2973 sich
2872 2934 2961 2972 schwer
2983 2937 3019 2964 et¬

2107 2985 2167 3011 was
2189 2980 2281 3021 sagen,
2302 2981 2424 3019 nachdem
2454 2979 2526 3017 jeden
2547 2978 2609 3016 Tag
2640 2976 2696 3006 eine
2726 2984 2791 3006 neue
2811 2974 2924 3011 Version
2954 2974 3020 3005 über

2106 3021 2147 3051 die
2168 3020 2430 3060 Verproviantirung
2451 3020 2495 3049 der
2517 3017 2605 3048 Stadt
2625 3016 2663 3046 im
2684 3015 2793 3052 Umlauf
2814 3015 2855 3053 ist.

2171 3072 2217 3111 In
2236 3070 2449 3111 diplomatischen
2467 3068 2576 3106 Kreisen
2596 3067 2732 3106 unterhält
2743 3075 2806 3096 man
2819 3064 2867 3103 sich
2888 3065 2952 3096 über
2970 3064 3025 3095 das

2114 3112 2266 3151 Eintreffen
2287 3112 2329 3142 der
2352 3112 2476 3142 Antwort
2491 3107 2535 3139 der
2555 3107 2846 3145 Luxemburger
2868 3104 3022 3144 Regierung

2114 3154 2162 3191 auf
2182 3152 2222 3183 die
2244 3152 2314 3183 Note
2344 3152 2391 3182 des
2424 3149 2529 3187 Grafen
2549 3158 2575 3179 v.
2597 3146 2755 3185 Bismarck;
2787 3145 2858 3183 Herr
2890 3144 3025 3181 Servais,

2115 3192 2356 3232 großherzoglicher
2376 3189 2514 3226 Minister,
2536 3187 2584 3225 soll
2604 3187 2632 3218 in
2653 3186 2746 3223 diesem
2766 3184 2913 3220 Aktenstück
2934 3184 3025 3221 Punkt

2114 3234 2158 3270 für
2180 3232 2270 3268 Punkt
2299 3232 2339 3262 die
2369 3229 2515 3270 preußische
2547 3228 2617 3258 Note
2647 3225 2811 3264 widerlegen.
2854 3223 2951 3259 Einige
2983 3223 3026 3254 be¬

2115 3273 2247 3311 haupten,
2278 3271 2329 3309 daß
2350 3279 2414 3301 man
2435 3268 2561 3307 deutscher
2583 3266 2666 3298 Seits
2694 3266 2755 3304 noch
2777 3264 2845 3303 nicht
2867 3264 2894 3294 in
2916 3262 3026 3296 Luxem¬

2113 3314 2183 3353 burg
2204 3311 2352 3347 einrücken,
2381 3308 2466 3348 jedoch
2497 3308 2539 3337 die
2566 3306 2672 3345 Grenze
2702 3305 2808 3342 besetzen
2838 3303 2931 3334 werde.
2969 3303 3024 3342 Ich

2115 3354 2181 3383 kann
2204 3351 2259 3381 Sie
2279 3350 2437 3388 versichern,
2468 3347 2520 3385 daß
2552 3346 2637 3385 nichts
2660 3345 2688 3375 in
2708 3344 2788 3380 dieser
2818 3342 3027 3383 Angelegenheit

2114 3391 2175 3431 noch
2197 3391 2324 3429 bestimmt
2345 3390 2395 3428 ist;
2417 3387 2555 3426 jedenfalls
2578 3394 2652 3416 wenn
2675 3388 2703 3414 es
2719 3384 2765 3423 sich
2786 3384 2901 3423 zuträgt,
2925 3382 3026 3421 erfährt

2113 3441 2177 3462 man
2197 3434 2226 3461 es
2248 3430 2291 3460 als
2314 3427 2532 3466 Ueberraschung.

2169 3474 2220 3505 Am
2242 3474 2346 3504 Abende
2367 3472 2415 3511 hat
2436 3471 2481 3509 sich
2503 3468 2556 3508 das
2556 3468 2694 3508 Gerücht
2714 3464 2871 3503 verbreitet,
2890 3464 3020 3503 Jules

2109 3515 2233 3552 Favre
2255 3513 2319 3552 habe
2341 3513 2409 3543 beim
2430 3509 2641 3549 Hauptquartier
2664 3508 2738 3537 einen
2765 3499 2941 3544 Geleitschein
2961 3514 3020 3536 ver¬

2109 3556 2203 3594 langt,
2229 3563 2273 3583 um
2294 3553 2340 3590 sich
2362 3551 2425 3590 nach
2446 3550 2590 3580 Bordeaux
2619 3556 2650 3595 zu
2671 3546 2756 3583 seinen
2775 3545 2906 3585 Kollegen
2928 3554 2958 3584 zu
2977 3545 3022 3575 be¬

2108 3595 2186 3634 geben
2217 3593 2270 3623 und
2302 3593 2351 3622 mit
2372 3590 2453 3630 ihnen
2474 3598 2505 3629 zu
2531 3588 2694 3626 conseriren;
2725 3586 2807 3622 dieses
2840 3584 2958 3623 Gerücht
2979 3584 3022 3615 be¬

2109 3635 2196 3673 stätigt
2218 3633 2263 3671 sich
2285 3633 2346 3663 aber
2365 3630 2443 3670 nicht.
2485 3629 2559 3660 Man
2581 3629 2653 3668 fügte
2675 3626 2722 3663 bei,
2745 3626 2796 3664 daß
2817 3624 2897 3661 dieser
2913 3623 3023 3661 Schritt

2108 3683 2161 3704 von
2180 3672 2265 3710 Jules
2287 3672 2373 3709 Favre
2396 3670 2424 3701 in
2444 3669 2599 3708 Beziehung
2619 3667 2665 3703 auf
2685 3666 2760 3696 einen
2780 3663 3022 3703 Waffenstillstand

2107 3714 2161 3744 und
2181 3713 2221 3743 die
2242 3711 2359 3751 Wahlen
2380 3718 2429 3750 zur
2448 3708 2632 3745 Konstituante
2653 3705 2751 3744 stünde.

2340 3849 2800 3906 Eidgenossenschaft.

2172 3948 2375 3987 Postwesen.
2418 3946 2490 3984 Nach
2511 3944 2583 3975 einer
2603 3941 2783 3981 Mittheilung
2803 3940 2849 3971 der
2872 3938 3025 3978 „Schweiz.

2110 3990 2305 4029 Handelsztg."
2329 3992 2382 4018 aus
2413 3987 2471 4016 dem
2493 3983 2677 4024 „preußischen
2707 3979 2951 4019 Staatsanzeiger"
2968 3978 3025 4019 (!)

2113 4032 2215 4061 können
2235 4037 2296 4059 vom
2313 4030 2339 4059 1.
2353 4027 2467 4065 Januar
2487 4034 2522 4055 an
2536 4023 2578 4054 die
2598 4021 2707 4061 schweiz.
2720 4019 3027 4059 Korrespondenzkarten

2113 4070 2176 4109 auch
2198 4069 2236 4099 im
2249 4068 2364 4107 Verkehr
2385 4066 2435 4097 mit
2450 4061 2702 4100 Norddeutschland,
2717 4062 2780 4091 aber
2799 4069 2855 4091 nur
2874 4067 2923 4099 zur
2937 4058 3027 4089 vollen

2113 4109 2252 4147 Brieftaxe
2281 4106 2425 4139 verwendet
2456 4104 2578 4142 werden;
2612 4101 2654 4133 die
2684 4098 2944 4132 Rekommandation
2979 4097 3026 4128 der

2113 4150 2215 4181 Karten
2235 4148 2267 4186 ist
2285 4147 2407 4187 zuläßig.
2446 4143 2503 4175 Die
2523 4142 2710 4181 Beförderung
2738 4140 2783 4172 der
2809 4138 2941 4178 einfachen
2969 4136 3027 4168 und

2113 4188 2350 4221 rekommandirten
2362 4185 2464 4218 Karten
2478 4182 2644 4218 unterbleibt,
2661 4190 2738 4211 wenn
2753 4179 2880 4217 dieselben
2894 4178 2960 4217 nicht
2973 4176 3028 4208 mit

2114 4230 2231 4261 Marken
2261 4228 2299 4258 im
2328 4227 2418 4257 vollen
2436 4224 2555 4263 Betrage
2584 4222 2630 4253 der
2655 4220 2877 4259 Brieffrankatur
2904 4216 3030 4256 versehen

2116 4269 2182 4307 sind.
