3751 5551
155 199 351 245 Sonntag,
377 199 449 241 31.
475 199 592 252 Marz
617 203 742 245 IVSV
797 208 914 250 vlatt
939 206 965 249 1

1380 207 1451 245 Der
1473 202 1626 255 Zürtzdo.
1634 203 1781 251 Zeitung
1797 204 1877 241 150.
1899 204 2078 252 Jahrgang

2589 193 2699 240 Erste
2728 184 3099 233 LonntagauSgabe.
3147 183 3196 220 M
3225 178 3316 218 612

142 244 3330 627 Neue Zürcher Zeitung
818 650 1114 682 1 3 6 12
338 661 564 694 Vbonncmentc
571 675 580 694 -

781 660 854 709 ^
1055 656 1137 705 ^

552 715 639 740 «bl-..
647 716 750 742 ^e»«°
974 715 1029 735 .MO
1055 681 1137 705 "

157 738 227 762 »urch
237 737 404 787 ^uttrL-itt
412 740 450 761 in.
460 743 522 766 h-u,
531 744 851 774 „bracht.UO
888 745 932 765 MO
969 743 1024 764 10J0
1064 743 1121 764 th-

119 769 226 793 •<6*>eiJ
238 768 360 792 Vefteuung
375 769 429 790 bei«
443 770 852 798 Voftburcm.ug
890 774 937 794 l._
972 773 1028 792 igjyj
1064 773 1121 788 m_

210 796 274 837 T?“
274 802 288 821 8
283 826 295 836 .
302 798 343 817 ”**
349 826 369 835 -
556 802 706 826 (etreWanb)
880 803 937 823 1UJO
972 802 1028 822 uo
1063 802 1121 823 (l-

116 822 761 860 Ausland (ausgen. Brit. Reich und U.S.A.) Bestellung
153 826 758 892 JÄÄoÄttJffiftl

154 873 199 896 •d
211 875 288 900 «e,u,
300 878 364 898 unter
372 877 453 899 -Prioat
454 879 531 901 abeefle
540 881 690 904 lStretlbandi
710 897 713 901 .
728 897 731 901 .
749 897 753 901 .
777 896 788 908 .
813 882 856 903 UO
880 882 937 902 M.—
971 881 1028 903 SUO
1063 882 1120 903 OL—

1341 648 1425 721 und
1454 644 1801 726 MeriMes
1830 642 2123 719 mmmm

1528 729 1672 770 Täglich
1695 730 1721 759 3
1743 725 1939 765 Ausgaben

1245 783 1388 804 «ckoMrat
1483 775 1651 803 »air«((TO»<
1671 773 1710 796 II.
1724 773 1777 794 Sei.
1787 773 1849 796 Soll.
1862 772 2021 796 Moo,«rUf
2019 773 2028 795 1
2030 773 2069 797 o<*
2083 772 2218 797 y-b.h-ho,

1242 797 1944 834 Expedition: „ 11, „ „ 6109,
1245 808 1398 828 •»cMtioai
1673 798 1712 823 11,
1750 811 1762 822 ,
1862 797 1895 816 Bl
1898 798 1946 823 OB,

1243 832 1374 853 »rutferri:
1481 824 1654 853 ae*«Vftr«fte
1667 823 1711 847 IO,
1751 835 1763 847 .
1813 835 1824 846 .
1862 821 1946 844 44**,
1960 820 2082 845 v»ft,che«
2089 819 2222 840 VIII/L144

1243 856 1411 879 ttbrntniftratf
1415 860 1456 876 ont
1480 852 1666 880 Z^tMcrftran*
1686 848 1713 872 *>
1752 860 1764 871 .
1814 859 1825 871 .
1860 846 1948 868 »«»«.
2020 860 2030 870 .
2090 843 2207 866 VIli/,4»

2610 642 2798 669 Snonunt

2337 671 3127 712 Die einspaltige Grundzeile . . . . . . . . . . 60 Rp.
2335 687 2378 709 *>le
2392 686 2519 710 etntoalflge
2532 684 2667 709 «ntnbjeUe
2716 691 2923 702 .
3046 673 3072 693 00
3084 673 3127 696 «».

2334 716 2411 736 fötale
2424 703 3074 739 SelchLNOempfeblmioe».»®
3085 701 3129 724 *»•

2336 744 2449 769 Vnjclgen
2463 742 2627 765 auslSndUchen
2641 739 2769 764 Utfenmo*
2817 730 3120 758 .**»

2339 774 2455 793 Keflamen
2467 775 2505 796 per
2519 770 2579 795 Zelle
3034 759 3071 784 9r.
3084 759 3130 779 MO

2618 805 2673 825 «ttn
2676 801 2777 824 ünttnM
2780 801 2818 821 Hr
2819 801 2871 821 Unit
2873 804 2886 824 §
2894 804 2903 821 t

2339 836 2552 861 C^<aterfkra«K3,
2574 835 2700 858 »eleptzo»
2725 831 2854 856 yotrtng«»
2875 826 2962 851 «»»4.
3180 824 3207 844 —
3225 818 3368 843 Vffl/K^

191 978 291 1026 Der
320 980 627 1039 jungdeutsche
657 982 812 1031 Orden

231 1042 329 1088 und
360 1044 433 1090 die
463 1046 617 1104 Front
649 1050 762 1093 1929
766 1080 775 1089 .

141 1107 205 1138 Bon
228 1109 308 1143 Prof.
332 1110 382 1140 Dr.
406 1111 447 1147 W.
471 1114 646 1148 Hrllpach
673 1114 866 1148 (Heidelberg),

303 1148 435 1182 Mitglied
458 1152 507 1179 des
533 1152 705 1185 Reichstags.

110 1200 193 1257 f.v*£
196 1200 205 1230 l
203 1238 211 1255 r
207 1202 271 1231 nlet
303 1203 336 1233 be
335 1242 348 1254 .
338 1210 357 1234 n
354 1205 361 1253 ,
388 1204 434 1235 trS
436 1211 453 1241 Ö
456 1211 491 1235 en
512 1205 716 1243 Zersetzungen
747 1205 807 1237 und
829 1205 898 1242 Zer-

110 1238 320 1278 bröctelungen,
333 1241 379 1273 die
395 1244 450 1273 das
466 1243 591 1281 deutsche
605 1244 794 1280 Parteileben
810 1244 898 1280 heim-

111 1278 219 1315 suchen,
240 1280 365 1317 wachsen
395 1280 495 1311 immer
516 1281 663 1318 sichtbarer
694 1282 739 1312 die
758 1282 786 1312 B
797 1281 815 1311 ü
826 1289 845 1311 n
857 1283 873 1312 d
886 1287 899 1311 e

111 1319 219 1352 empor.
234 1316 339 1354 Langst
357 1318 460 1355 beruht
478 1319 524 1350 die
544 1319 708 1356 moralische
727 1319 832 1350 Stärke
849 1320 899 1349 der

110 1353 276 1391 politischen
296 1356 417 1393 Rechten
444 1356 517 1393 nicht
545 1358 596 1394 auf
615 1358 698 1393 ihren
716 1355 900 1394 Fraktionen,

112 1391 157 1422 die
176 1392 345 1430 flügellahm
363 1394 578 1430 parlamenteln
596 1395 713 1431 müssen,
732 1396 829 1431 zumal
848 1394 900 1431 seit

109 1429 170 1466 ihre
179 1430 585 1470 Regierungsbeteiligungen
596 1432 716 1470 enthüllt
735 1433 837 1469 haben,
847 1432 902 1469 daß

109 1469 145 1506 sie
164 1469 241 1500 keine
262 1471 374 1501 andern
392 1471 558 1508 politischen
578 1471 701 1508 Rezepte
721 1471 829 1508 wissen,
850 1471 899 1501 als

111 1507 156 1538 die
185 1507 379 1545 geschmähten
400 1508 612 1546 Republikaner
641 1524 675 1530 —
697 1509 820 1546 sondern
849 1509 900 1545 auf

111 1547 166 1576 den
195 1546 456 1584 nationalistischen
476 1547 664 1583 Verbänden,
694 1549 779 1577 unter
809 1548 900 1577 denen

112 1585 160 1614 der
183 1583 352 1622 Stahlhelm
371 1585 423 1623 seit
444 1584 523 1622 Jahr
544 1586 602 1615 und
623 1586 686 1621 Tag
708 1586 756 1615 der
774 1585 900 1615 aktivns-

112 1618 229 1660 lauteste
248 1623 289 1659 ist.
327 1623 371 1654 ES
389 1622 422 1660 ist
438 1622 499 1653 kein
519 1622 701 1660 Geheimnis,
717 1623 801 1659 welch
820 1622 900 1659 wich,

110 1663 187 1698 tlges
204 1661 434 1698 Rekrutendepot
450 1663 505 1693 da»
524 1660 740 1697 Reichsbanner
751 1660 899 1697 Schwarz«

110 1698 263 1730 Rot-Gold
283 1699 330 1735 für
348 1699 394 1730 die
412 1699 693 1736 Sozialdemokratie
710 1699 851 1735 bedeutet,
868 1699 900 1730 in

111 1737 201 1774 dessen
226 1736 340 1774 Reihen
376 1739 425 1768 der
451 1737 575 1774 Einfluß
612 1736 802 1774 bürgerlicher
839 1737 898 1767 und

110 1775 292 1813 katholischer
309 1776 492 1806 Demokratie
513 1775 614 1806 immer
632 1776 711 1812 mehr
729 1776 778 1806 der
798 1774 900 1813 sozial«

113 1813 347 1852 demokratischen
366 1813 548 1850 Uebermacht
576 1813 716 1851 gewichen
747 1813 786 1849 ist.
825 1812 898 1843 Dies

110 1855 173 1882 war
196 1851 341 1889 übrigens
363 1852 637 1888 unausweichliches
659 1852 802 1888 Schicksal,
823 1852 898 1881 denn

111 1889 159 1921 ein
175 1889 263 1921 Bund
281 1890 356 1921 wird
373 1890 474 1921 immer
491 1897 525 1927 zu
540 1890 638 1927 starker
654 1889 783 1926 geistiger
794 1888 900 1925 Homo¬

111 1929 224 1964 genität
241 1928 435 1966 hindrängen,
450 1928 588 1966 während
605 1934 636 1958 er
651 1927 826 1965 gleichzeitig
843 1931 900 1957 von

110 1966 258 2005 taktischen
280 1967 446 2003 Rücksichten
466 1966 561 2004 wenig
591 1966 693 2002 beengt
723 1966 781 1996 und
811 1965 897 2001 ihnen

111 2005 305 2042 naturgemäß
322 2005 428 2041 abhold
445 2005 484 2041 «st.
499 2004 587 2036 Sters
603 2005 634 2034 in
651 2005 701 2035 der
715 2002 897 2040 Menschheit,

111 2044 211 2080 wohin
232 2043 289 2074 wir
311 2043 419 2079 blicken,
441 2043 500 2079 sind
523 2043 568 2073 die
588 2042 693 2073 Bünde
715 2041 825 2078 Träger
847 2042 896 2071 der

110 2081 258 2119 einfachen
278 2082 383 2118 starken
399 2082 551 2118 Losungen
571 2079 711 2118 gewesen;
731 2079 777 2109 die
798 2078 897 2109 Klein«

113 2120 206 2152 arbeit
226 2121 277 2150 des
295 2120 410 2156 Alltag»
430 2119 506 2155 aber,
523 2121 571 2150 der
590 2118 625 2154 sie
640 2117 688 2155 sich
705 2117 731 2154 je
748 2116 852 2153 größer
869 2116 896 2153 je

111 2158 240 2195 weniger
259 2157 407 2194 entziehen
423 2157 505 2192 kann,
521 2156 631 2192 zwingt
647 2154 693 2186 die
709 2153 814 2191 Partei
830 2159 896 2191 zum

112 2197 168 2228 Ab-
187 2196 246 2226 und
266 2195 411 2232 Zugeben,
431 2194 479 2225 bis
498 2201 550 2231 gar
570 2194 611 2230 oft
630 2193 690 2230 ihre
711 2192 895 2229 eigentlichen

111 2228 306 2271 Bekenntnisse
324 2232 481 2268 Reliquien
501 2232 654 2269 geworden
672 2230 742 2267 sind,
760 2229 807 2261 die
827 2235 895 2260 man

111 2279 149 2302 an
166 2272 257 2309 hohen
275 2271 446 2309 Feiertagen
463 2269 645 2307 herumzeigt,
664 2268 709 2305 für
726 2268 771 2299 die
788 2269 895 2304 langen

111 2309 302 2346 Merkwochen
324 2309 420 2346 jedoch
441 2308 481 2338 im
501 2306 623 2343 Schrein
647 2306 802 2342 verwahrt.
842 2305 896 2335 Lo«

112 2350 229 2385 sungen,
245 2346 312 2382 auch
331 2348 384 2377 dar
403 2348 464 2375 war
485 2344 585 2375 immer
604 2345 643 2382 so,
660 2344 771 2379 nähren
790 2342 838 2379 sich
855 2342 896 2373 im

112 2387 228 2423 Anfang
247 2389 305 2415 von
323 2385 372 2415 der
390 2383 577 2419 Auflehnung
597 2387 687 2418 gegen
705 2380 896 2417 Bestehendes

113 2425 179 2455 oder
196 2423 377 2460 Drohendes,
392 2421 428 2458 sie
446 2419 606 2457 entzünden
622 2420 668 2451 die
686 2418 801 2453 Einfalt
820 2418 896 2454 ihrer

110 2460 301 2497 Leidenschaft
316 2466 354 2490 an
370 2457 564 2496 tatsächlichen
579 2458 648 2488 oder
663 2456 895 2489 vermeintlichen

110 2498 303 2535 Mißständen.
351 2496 408 2528 Die
437 2496 550 2526 Tonart
579 2495 683 2532 junger
713 2493 818 2525 Bünde
847 2494 896 2529 hat

110 2539 213 2567 darum
238 2542 309 2573 gern
333 2536 427 2565 etwa»
452 2533 629 2570 Ekstatische»
656 2533 724 2564 oder
749 2531 897 2568 Exzentri«

110 2574 193 2613 sche»,
211 2573 247 2610 sie
264 2573 355 2610 pflegt
383 2570 457 2608 nicht
486 2571 661 2608 abgewogen
679 2570 739 2600 und
769 2568 896 2605 maßvoll

110 2618 148 2646 zu
165 2610 235 2648 sein.
269 2610 350 2641 Alles
366 2610 431 2640 dies
447 2609 535 2646 hängt
551 2608 622 2644 aufs
639 2607 760 2644 innigste
776 2605 830 2637 mit
847 2607 898 2637 der

111 2646 449 2685 Jugendlichkeit
478 2649 526 2678 der
557 2645 726 2682 hündischen
749 2645 898 2676 Elemente

112 2687 284 2723 zusammen.
322 2685 397 2720 Auch
417 2685 466 2716 der
486 2683 743 2720 .Wandervogel",
760 2682 815 2713 mit
835 2682 899 2711 dem

112 2730 162 2757 um
176 2723 222 2755 die
238 2722 542 2761 Jahrhundertwende
559 2722 603 2753 di«
620 2727 713 2752 neuen
729 2719 897 2756 bündischen

113 2761 317 2799 Bewegungen
335 2761 366 2791 in
383 2761 572 2797 Deutschland
587 2760 749 2796 begannen,
764 2757 899 2793 nachdem

114 2799 158 2829 die
172 2798 371 2836 studentischen
386 2798 489 2829 Bünde
503 2798 535 2828 in
550 2796 753 2834 gedrechselten
771 2795 898 2831 Aeußer«

112 2836 254 2873 lichkeiten
271 2838 330 2868 und
347 2835 425 2867 einer
435 2836 602 2873 abgelebten
613 2833 770 2865 Romantik
782 2832 899 2868 erstarrt

115 2879 222 2911 waren,
242 2875 336 2912 lehnte
355 2875 403 2912 sich
422 2881 510 2912 gegen
531 2873 575 2904 die
595 2871 818 2904 Konventionen
838 2869 898 2907 auf,

114 2918 173 2944 von
204 2914 294 2944 denen
314 2913 390 2949 seine
412 2912 532 2949 Jugend
550 2911 599 2947 sich
628 2910 768 2946 umgeben
798 2908 899 2945 fühlte.

115 2951 172 2983 Die
190 2951 324 2989 heutigen
344 2949 506 2988 politischen
527 2949 630 2980 Biinde
649 2950 751 2984 tragen
769 2945 898 2982 wichtige

114 2989 197 3027 Züge
225 2989 273 3020 der
291 2989 456 3025 damaligen
474 2987 754 3024 Jugendbewegung
782 2991 821 3015 an
840 2983 899 3020 sich,

116 3026 229 3063 inanche
264 3028 358 3058 davon
394 3026 500 3062 freilich
536 3024 602 3061 auch
629 3023 708 3062 schon
734 3021 841 3053 wieder
868 3022 900 3051 in

115 3065 367 3096 unverkennbaren
385 3063 703 3101 Erstarrungsformen:
722 3060 779 3091 wir
796 3060 900 3091 denken

118 3105 154 3135 da
171 3102 390 3140 beispielsweise
408 3108 446 3133 an
463 3104 516 3133 den
530 3099 748 3138 rücksichtslosen
758 3097 900 3133 Freimut,

118 3146 176 3173 von
197 3142 260 3173 dem
281 3148 319 3171 an
339 3140 433 3171 vielen
451 3138 565 3171 Stellen
585 3145 642 3168 nur
661 3137 729 3173 noch
749 3136 811 3166 eine
831 3134 899 3165 rück¬

117 3180 258 3218 sichtslose
286 3177 462 3215 Schroffheit
498 3184 533 3215 zu
571 3177 633 3207 dem
661 3175 776 3211 Gegner
814 3173 900 3209 übrig

118 3217 267 3255 geblieben
295 3216 336 3253 ist,
354 3216 490 3252 während
520 3215 551 3245 in
570 3216 624 3245 den
649 3213 771 3249 eigenen
788 3210 901 3246 Reihen

120 3256 166 3287 die
185 3255 341 3293 gehaltlose
361 3254 469 3291 Phrase
490 3254 548 3284 und
567 3251 613 3282 ein
630 3250 811 3287 vorsichtiger
829 3249 901 3280 Ver¬

118 3293 284 3332 steckenspiel
304 3286 384 3329 Platz
405 3292 546 3329 gegriffen
567 3291 625 3328 hat.
664 3289 721 3319 Die
742 3287 902 3318 Deutelun-

121 3339 176 3370 gen
207 3334 290 3366 etwa,
310 3331 408 3362 welche
438 3330 483 3360 die
503 3329 614 3366 Führer
645 3328 696 3358 des
716 3325 902 3362 Stahlhelm»

119 3372 203 3406 ihren
214 3369 332 3407 eigenen
349 3368 482 3405 massiven
494 3366 632 3404 Formeln
648 3370 737 3402 gegen
749 3364 802 3394 den
812 3368 907 3393 neuen

121 3409 213 3441 Staat
229 3407 416 3445 nachträglich
432 3406 554 3444 gegeben
571 3404 672 3441 haben,
690 3403 737 3433 als
755 3402 790 3438 sie
807 3401 853 3437 sich
873 3400 904 3430 in

121 3449 171 3479 der
187 3446 297 3484 Gefahr
313 3446 407 3483 sahen,
424 3444 514 3476 damit
528 3444 573 3474 die
589 3437 905 3478 Ehrenmitgliedschaft

122 3488 173 3517 des
191 3484 473 3521 Reichspräsidenten
491 3488 524 3518 zu
542 3479 692 3513 verlieren,
709 3476 905 3513 rechtfertigen

124 3525 179 3555 das
197 3522 301 3558 Urteil,
318 3523 374 3553 das
392 3521 506 3552 damals
524 3518 571 3550 ein
587 3516 805 3553 linksstehender
821 3513 905 3550 Poli-

121 3562 190 3592 tiker
213 3551 301 3599 fällte,
321 3561 370 3591 als
391 3566 419 3589 er
440 3557 554 3596 schrieb:
578 3556 666 3592 dieser
685 3554 772 3584 Bund
789 3552 829 3590 sei
849 3553 907 3588 Ihm

123 3604 195 3631 vor
243 3601 293 3630 der
332 3597 461 3633 Audienz
506 3595 582 3627 beim
628 3591 908 3627 ReichSoberhanhle

124 3638 283 3677 wesentlich
306 3634 518 3675 sympathischer
541 3632 666 3670 gewesen
688 3631 735 3661 als
756 3629 908 3663 nunmehr.

123 3677 171 3715 In
192 3679 242 3708 der
263 3675 335 3707 Tat:
357 3674 403 3707 die
423 3673 522 3711 Fahne
543 3670 691 3704 einrollen,
712 3668 743 3704 ist
764 3666 836 3702 recht
854 3671 907 3696 un-

124 3714 272 3752 bündisch;
309 3714 363 3745 das
390 3712 467 3749 sollte
502 3717 569 3741 man
604 3706 750 3745 eigentlich
777 3706 839 3736 dem
873 3718 907 3725 —

129 3750 368 3790 „Parteitsmus"
388 3750 555 3787 überlassen,
573 3749 621 3779 der
640 3744 782 3782 solcherlei
799 3743 829 3780 ja
846 3742 910 3779 jede

127 3792 245 3824 Stunde
277 3797 326 3822 um
350 3790 398 3822 der
420 3788 527 3820 kleinen
556 3783 722 3825 praktischen
745 3782 910 3818 Errungen¬

127 3830 250 3869 schaften
271 3829 369 3860 willen
390 3829 442 3859 tun
463 3825 559 3862 mutz.

992 958 1238 995 »Parteiismus",
1286 960 1331 990 ein
1381 956 1579 996 schauerliches
1620 952 1717 983 Wort¬

937 997 1059 1035 gebilde,
1096 997 1205 1034 stammt
1241 1002 1296 1027 aus
1335 997 1397 1027 dem
1433 993 1625 1032 Sprachschatz
1664 991 1717 1020 de»

937 1035 1284 1073 »Jungdeutschen
1305 1034 1495 1066 Ordens".
1534 1032 1627 1062 Wenn
1650 1032 1718 1057 man

938 1076 970 1103 es
988 1073 1165 1110 neuerdings
1186 1075 1237 1110 auf
1257 1073 1300 1104 die
1321 1070 1560 1110 Fraktionstaktik
1581 1068 1622 1098 im
1641 1066 1717 1102 Par¬

939 1112 1046 1141 lament
1067 1112 1126 1141 und
1147 1111 1192 1141 bei
1214 1114 1266 1142 den
1287 1108 1634 1148 Regierungsbildungen
1657 1102 1717 1132 und

938 1148 1159 1186 -Umbildungen
1186 1150 1344 1184 anwendet,
1364 1149 1393 1186 so
1413 1148 1445 1183 ist
1475 1147 1529 1177 das
1559 1141 1722 1177 allerdings

939 1186 1000 1217 ein«
1019 1186 1221 1224 Verfälschung
1241 1188 1331 1225 seiner
1353 1183 1587 1224 ursprünglichen
1606 1181 1719 1212 Bedeu¬

937 1227 1018 1262 tung.
1038 1226 1112 1256 denn
1134 1226 1205 1256 das
1226 1227 1258 1263 ist
1278 1224 1410 1263 typischer
1432 1215 1719 1260 »Fraktionismus",

939 1263 991 1293 mit
1011 1264 1072 1293 dem
1092 1263 1137 1295 die
1154 1264 1291 1300 Parteien
1312 1263 1352 1294 im
1369 1262 1465 1293 Lande
1485 1260 1574 1297 selber
1594 1255 1720 1294 großen¬

939 1300 1008 1331 teils
1027 1300 1097 1337 recht
1115 1302 1302 1337 unzufrieden
1321 1301 1389 1338 sind.
1409 1299 1464 1331 Die
1485 1292 1720 1335 Jungdcutschen

940 1338 1052 1369 meinen
1072 1338 1124 1369 mit
1144 1338 1218 1376 ihrer
1240 1337 1434 1375 Bezeichnung
1455 1336 1500 1366 die
1519 1325 1721 1370 Gesamtstruk¬

939 1378 987 1407 tur
1007 1377 1124 1413 unseres
1155 1377 1328 1414 politischen,
1345 1375 1505 1411 überhaupt
1535 1368 1721 1408 öffentlichen

938 1414 1049 1445 Lebens
1069 1415 1135 1450 nach
1155 1415 1473 1452 Parteigliedcrungen.
1510 1410 1570 1441 Der
1590 1406 1722 1445 Fraktio¬

939 1451 1059 1483 nismus
1076 1447 1207 1489 erscheint
1223 1453 1309 1489 ihnen
1326 1459 1382 1483 nur
1399 1452 1448 1483 als
1467 1449 1514 1480 ein
1533 1449 1624 1484 letzter
1643 1445 1722 1475 Aus¬

939 1490 1034 1523 wuchs
1052 1490 1130 1527 jener
1149 1491 1466 1528 Parteigliederungen.
1484 1486 1571 1528 Dfxfe
1588 1482 1722 1519 Gesamt¬

940 1528 1057 1564 struktur
1080 1529 1182 1559 wollen
1202 1529 1237 1565 sie
1268 1529 1387 1564 ändern,
1406 1535 1454 1558 um
1473 1527 1509 1564 sie
1539 1527 1575 1563 zü
1603 1521 1722 1557 ersetzen

940 1566 1022 1602 durch
1040 1566 1102 1596 eine
1120 1582 1154 1587 —
1172 1567 1212 1601 ja,
1229 1570 1313 1597 wenn
1333 1573 1399 1598 man
1419 1572 1480 1596 nun
1501 1569 1595 1602 genau
1614 1557 1724 1593 wüßte,

942 1599 1023 1640 durch
1057 1607 1121 1635 war
1158 1604 1204 1640 für
1239 1604 1314 1635 eine!
1360 1604 1406 1634 Da
1434 1605 1482 1634 der
1509 1590 1724 1638 Jungdeutsche

939 1641 1047 1677 Orden,
1064 1642 1211 1679 abgekürzt
1231 1642 1295 1679 (mit
1313 1641 1391 1672 einer
1409 1642 1488 1679 jener
1505 1633 1724 1676 abscheulichen,

939 1674 1060 1717 modisch
1089 1681 1277 1716 gewordenen
1297 1670 1723 1715 Namensverstümmelungen)

941 1712 1247 1755 »Jungdo^genannt,
1263 1718 1293 1748 in
1311 1721 1364 1749 den
1383 1719 1476 1754 letzten
1488 1713 1609 1754 Wochen
1625 1709 1726 1746 stärker

938 1756 986 1786 als
1004 1756 1107 1793 vorher
1123 1756 1167 1785 di«
1184 1755 1334 1792 eigentlich
1346 1755 1490 1792 politische
1501 1755 1598 1785 Arena
1615 1746 1732 1783 bsUjtt.

940 1795 970 1832 so
992 1793 1070 1824 wäre
1093 1798 1125 1825 es
1146 1793 1258 1830 wichtig
1281 1801 1316 1830 zu
1337 1794 1442 1831 wißen,
1465 1792 1596 1828 wodurch
1618 1796 1648 1821 er
1669 1786 1725 1820 der,

939 1825 1142 1869 Parteiismus
1163 1833 1276 1869 ersetzen
1294 1831 1364 1862 will.

992 1877 1161 1915 Zweifellos
1186 1878 1217 1914 ist
1239 1879 1287 1913 der
1312 1875 1516 1915 »Jungdo"
1540 1877 1626 1907 unter
1648 1874 1725 1904 allen

937 1913 1063 1946 Bünden
1097 1916 1128 1946 in
1152 1905 1342 1953 Deutschland
1376 1916 1482 1952 seinem
1514 1913 1645 1950 äußeren
1669 1912 1725 1942 Ge-

936 1954 1028 1990 haben
1046 1952 1113 1989 nach
1131 1954 1179 1983 der
1194 1953 1320 1990 ernsteste
1339 1955 1397 1983 und
1415 1952 1577 1989 würdigste.
1615 1951 1655 1982 Er
1675 1950 1725 1986 hat

936 1988 985 2027 sich
1002 1991 1047 2022 die
1065 1990 1214 2028 Schwäche
1233 1993 1285 2021 des
1304 1990 1549 2026 Reichsbanners,
1569 1989 1615 2019 die
1635 1988 1726 2024 ewige

935 2028 1240 2066 Fahnenweihfesterei
1271 2030 1330 2060 und
1362 2025 1727 2065 Kriegervereinsbetrieb-

936 2068 1058 2104 samkeit,
1088 2061 1191 2104 ebenso
1221 2071 1290 2097 vom
1309 2066 1395 2098 Leibe
1428 2073 1465 2102 zu
1487 2065 1587 2103 Hallen
1608 2063 1728 2100 gewußt

936 2105 991 2135 wie
1018 2104 1063 2136 die
1090 2105 1235 2141 drohende
1261 2104 1490 2142 Auftrumpferei
1517 2104 1577 2134 und
1603 2101 1728 2139 Farcio-

935 2143 1088 2180 theatrallk
1108 2144 1160 2174 des
1182 2143 1381 2180 Stahlhelms.
1423 2142 1523 2178 Gegen
1546 2142 1601 2171 den
1623 2139 1728 2175 Stahl-

936 2181 1011 2218 Helm
1043 2181 1121 2218 führt
1153 2187 1182 2211 er
1212 2181 1264 2217 feit
1293 2180 1410 2217 Jahren
1442 2180 1526 2209 einen
1558 2178 1728 2208 erbitterten

936 2219 1050 2257 Kampf.
1087 2218 1148 2249 Der
1167 2218 1280 2256 Führer
1302 2220 1355 2249 des
1374 2217 1504 2251 Ordens,
1523 2216 1598 2253 Herr
1617 2215 1728 2252 Arthur

937 2257 1151 2294 Marauhn,
1176 2256 1223 2287 ein
1249 2256 1423 2292 ehemaliger
1448 2254 1574 2292 Offizier
1602 2253 1672 2290 (wie
1699 2253 1729 2289 so

935 2293 1090 2332 zahlreiche
1110 2294 1341 2331 Bündesührer),
1363 2294 1412 2323 der
1434 2293 1482 2329 sich
1506 2288 1728 2328 »Hochmeister"

936 2335 1026 2364 nennt
1050 2334 1109 2363 und
1133 2333 1224 2363 neben
1248 2325 1297 2368 sich
1321 2331 1404 2362 einen
1429 2329 1589 2366 »Kanzler"
1615 2330 1674 2365 hat,
1699 2327 1730 2364 ist

935 2372 982 2401 ein
995 2371 1093 2402 Mann
1108 2373 1166 2401 von
1181 2370 1260 2400 einer
1276 2370 1325 2400 der
1340 2361 1487 2407 seltensten
1503 2359 1731 2404 Eigenschaften,

936 2407 981 2440 die
1019 2412 1051 2440 es
1090 2408 1120 2439 in
1157 2406 1348 2445 Deutschland
1385 2407 1457 2437 dank
1491 2405 1584 2442 seiner
1622 2405 1730 2440 langen

936 2445 1208 2483 Fürstcnherrschaft
1234 2445 1307 2482 gibt,
1339 2447 1396 2475 von
1420 2444 1641 2480 Zivilcourage,
1672 2445 1730 2471 von

937 2485 1038 2521 hohem
1070 2483 1277 2519 bürgerlichem
1308 2481 1387 2517 Mut,
1417 2482 1471 2512 den
1505 2487 1535 2511 er
1568 2480 1600 2511 in
1632 2479 1731 2516 seinen

936 2521 1172 2559 leidenschaftlich
1196 2521 1269 2557 ernst
1295 2520 1459 2557 gemeinten
1489 2520 1550 2549 und
1576 2518 1730 2554 geführten

937 2554 1079 2597 Kämpfen
1104 2565 1194 2597 gegen
1218 2558 1264 2589 die
1292 2559 1461 2595 »getarnten
1484 2556 1656 2587 Gewalten"
1682 2556 1732 2586 der

937 2598 1032 2635 hinter
1056 2599 1119 2628 dem
1143 2596 1390 2627 Nationalismus
1416 2594 1573 2629 versteckten
1597 2592 1657 2623 und
1682 2593 1732 2628 ihn

938 2635 1174 2673 finanzierenden
1196 2633 1389 2670 Plutokratie.
1414 2631 1620 2668 insbesondere
1642 2636 1732 2666 gegen

937 2676 991 2705 den
1010 2669 1287 2710 Hugenberg-Kreis
1308 2671 1438 2707 bewährt
1456 2670 1514 2706 hat.
1551 2668 1612 2700 Der
1630 2667 1732 2699 Orden

939 2712 987 2743 als
1014 2714 1122 2748 ganzes
1154 2709 1219 2740 tritt
1246 2710 1278 2740 in
1306 2710 1354 2739 der
1380 2706 1608 2743 Oeffentlichkeit
1635 2706 1731 2741 wenig

938 2750 1056 2786 hervor;
1087 2748 1125 2785 ich
1151 2748 1241 2785 selber
1269 2747 1341 2782 habe
1366 2746 1452 2776 einen
1480 2745 1612 2781 einzigen
1641 2744 1730 2778 »Auf-

938 2786 1009 2825 zug"
1028 2787 1076 2818 der
1093 2777 1326 2823 Jungdeutschen
1341 2784 1441 2819 erlebt,
1457 2786 1510 2813 vor
1528 2781 1654 2818 Jahren,
1669 2780 1731 2816 spät

937 2825 1047 2861 nachts,
1068 2825 1104 2855 da
1125 2824 1221 2854 kamen
1243 2816 1280 2859 sie
1300 2822 1375 2856 ernst
1396 2823 1454 2852 und
1477 2819 1649 2858 schweigend
1673 2822 1729 2847 von

937 2864 1015 2895 einer
1030 2862 1190 2899 Bergseier.
1206 2860 1281 2896 Ihre
1295 2860 1410 2897 Gegner
1428 2860 1509 2895 legen
1525 2857 1598 2894 diese
1613 2855 1730 2893 Zurück-

938 2901 1062 2937 Haltung
1091 2900 1139 2931 als
1166 2892 1316 2934 Schwäche
1345 2901 1402 2927 an»
1429 2897 1489 2926 und
1518 2895 1642 2931 folgern,
1673 2892 1729 2928 datz

939 2941 988 2970 der
1008 2938 1109 2969 Orden
1130 2936 1197 2973 viel,
1218 2936 1278 2967 viel
1297 2935 1425 2971 weniger
1446 2932 1617 2969 Mitglieder
1639 2931 1730 2966 zähle,

939 2977 987 3008 als
1018 2983 1047 3007 er
1067 2976 1204 3012 vorgeb«;
1222 2973 1365 3010 übrigens
1386 2972 1418 3007 ist
1445 2972 1490 3001 bei
1512 2971 1585 3000 allen
1605 2968 1731 3000 Bünden

940 3015 985 3046 die
1003 3013 1142 3048 wirkliche
1163 3011 1399 3048 Mitgliederzahl
1419 3010 1499 3041 kaum
1519 3016 1553 3043 zu
1574 3007 1731 3041 ermitteln,

940 3052 1007 3088 auch
1024 3054 1072 3083 der
1089 3051 1258 3088 Stahlhelm
1277 3050 1326 3082 hat
1341 3049 1389 3079 nie
1408 3049 1438 3085 so
1455 3046 1528 3077 viele
1548 3043 1731 3081 Angehörige

940 3091 991 3127 auf
1010 3091 1055 3122 die
1073 3088 1165 3120 Beine
1184 3088 1322 3126 gebracht,
1341 3086 1397 3117 wie
1415 3092 1445 3116 er
1463 3084 1645 3119 ankündigte.
1661 3082 1729 3112 Bon

940 3129 1009 3160 aller
1028 3126 1177 3165 Spielerei
1197 3126 1250 3157 mit
1270 3125 1389 3162 Fürsten
1410 3125 1471 3155 und
1493 3120 1731 3160 Fürstensöhnen,

942 3167 987 3198 die
1020 3166 1061 3197 im
1086 3164 1257 3201 Stahlhelm
1287 3163 1373 3193 einen
1406 3161 1516 3192 breiten
1540 3160 1638 3190 Raum
1672 3158 1731 3187 ein-

941 3204 1055 3238 nimmt,
1078 3204 1128 3238 hat
1151 3204 1200 3233 der
1225 3200 1424 3238 jungdeutsche
1447 3199 1547 3229 Orden
1568 3197 1617 3233 sich
1641 3196 1731 3231 streng
1746 3187 1751 3236 }

942 3241 1149 3280 ferngehalten.
1159 3241 1224 3271 Das
1237 3236 1467 3276 »Jungdeutsche
1476 3227 1631 3271 Manifest"
1639 3232 1733 3271 seines
1747 3238 1750 3255 >

941 3280 1155 3318 Hochmeisters,
1182 3285 1228 3308 am
1260 3278 1302 3308 17.
1329 3275 1484 3311 Dezember
1514 3274 1584 3304 1927
1612 3263 1752 3312 heraus-1

942 3319 1076 3356 gegeben,
1092 3316 1199 3353 freilich
1218 3316 1278 3346 kein
1294 3314 1448 3348 wuchtiger
1466 3312 1574 3347 Aufruf
1590 3311 1647 3341 wie
1666 3309 1733 3345 einst
1747 3301 1752 3352 |

943 3359 997 3388 das
1017 3353 1266 3391 Kommunistische
1285 3352 1432 3388 Manifest,
1452 3350 1525 3385 nicht
1542 3349 1653 3380 einmal
1674 3349 1753 3385 eine;

943 3396 1072 3432 lapidare
1110 3392 1285 3430 Flugschrift
1322 3389 1378 3420 wie
1415 3388 1553 3426 Lassalles
1592 3386 1733 3422 »Offenes

943 3430 1250 3468 Antwortschreiben",
1270 3429 1392 3467 sondern
1413 3427 1459 3458 ein
1480 3427 1573 3456 etwas
1593 3423 1735 3460 umständ¬

947 3470 1032 3506 liches
1049 3469 1124 3504 Buch
1141 3472 1198 3499 von
1215 3467 1293 3504 mehr
1311 3467 1360 3497 als
1376 3466 1431 3496 200
1446 3463 1617 3501 Textseiten,
1634 3461 1737 3493 nimmt
1749 3453 1754 3493 |

946 3507 1160 3545 unzweideutig
1195 3506 1240 3538 di«
1265 3505 1360 3543 Front
1386 3510 1475 3540 gegen
1503 3501 1644 3532 Reaktion
1679 3498 1737 3529 und

945 3546 1127 3585 Plutokratie
1146 3545 1206 3576 und
1226 3544 1291 3581 für
1312 3544 1365 3574 den
1383 3541 1557 3578 Volksstaat.
1596 3539 1670 3569 Aber
1691 3536 1736 3574 für

945 3585 1088 3616 welchen?

1002 3623 1063 3654 Mit
1086 3623 1149 3653 dem
1171 3621 1331 3653 Kennwort
1360 3615 1548 3653 „Romantik"
1573 3615 1645 3647 kann
1671 3618 1737 3643 man

949 3663 1004 3693 dar
1022 3660 1160 3698 Manifest
1177 3660 1248 3696 (und
1265 3661 1331 3688 was
1351 3656 1410 3690 ihm
1426 3662 1464 3686 an
1482 3653 1623 3686 kleineren
1640 3652 1737 3683 Kund¬

949 3700 1098 3738 gebungen
1138 3699 1188 3728 des
1226 3694 1430 3733 Hochmeisters
1467 3693 1526 3723 und
1566 3692 1616 3723 des
1654 3688 1738 3725 Hoch-

950 3738 1073 3774 kapitals
1091 3736 1200 3774 gefolgt
1216 3735 1261 3771 ist)
1279 3733 1353 3769 nicht
1369 3733 1469 3762 abtun.
1487 3729 1571 3765 Ohne
1587 3725 1742 3759 Romantik

951 3778 1013 3815 gibt
1040 3780 1071 3806 es
1098 3775 1159 3806 kein
1183 3774 1302 3811 Europa
1330 3771 1383 3809 (im
1406 3769 1586 3806 Unterschied
1611 3771 1669 3798 von
1694 3766 1741 3796 der

950 3814 1158 3852 kolonisierten,
1190 3812 1257 3848 auch
1291 3812 1339 3841 der
1374 3806 1610 3844 amerikanischen
1643 3803 1743 3840 Welt),

1735 957 1741 982 ;
1755 948 1817 978 und
1829 952 1863 977 er
1878 948 1980 978 kommt
1996 955 2051 978 nur
2068 946 2175 983 darauf
2189 953 2236 981 an.
2251 944 2308 980 daß
2324 943 2371 974 die
2384 942 2549 976 Romantik,

1760 984 1804 1017 die
1840 986 1901 1015 eine
1935 986 1982 1016 der
2019 984 2250 1021 integrierenden
2286 980 2549 1012 vorantreibenden

1759 1024 1861 1060 Kräfte
1893 1024 1924 1054 in
1958 1025 2006 1053 der
2040 1020 2296 1058 abendländischen
2328 1020 2438 1050 Kultur
2471 1018 2549 1048 und

1759 1056 1912 1098 Geschichte
1943 1062 2075 1098 darstellt,
2108 1060 2182 1095 nicht
2206 1067 2239 1096 zu
2265 1059 2344 1088 einer
2368 1056 2550 1093 äußerlichen

1759 1100 1944 1137 Bewahrung
1984 1101 2033 1129 der
2072 1096 2369 1132 Wiedereinrichtung
2410 1094 2550 1131 abgestor¬

1760 1139 1846 1168 bener
1867 1137 2092 1174 Gewohnheiten
2112 1137 2220 1166 werde:
2241 1142 2292 1172 zur
2313 1132 2551 1170 institutionellen

1738 1188 1742 1209 ,
1759 1175 1964 1212 Restauration
1988 1176 2058 1212 also.
2080 1174 2192 1211 Ideelle
2214 1172 2380 1207 Romantik,
2401 1169 2551 1206 lebendige

1738 1216 1742 1240 i
1761 1214 1916 1244 Romantik
1939 1213 2068 1243 bedeutet
2091 1212 2247 1248 Bejahung
2274 1212 2322 1240 der
2351 1207 2551 1245 europäischen

1760 1252 1994 1288 Ueberzeugung,
2013 1251 2070 1286 daß
2092 1250 2141 1281 der
2162 1247 2361 1286 geschichtliche
2382 1245 2552 1283 Fortschritt

1763 1291 1863 1320 immer
1884 1289 1950 1325 auch
1973 1289 2067 1319 Werte
2089 1286 2238 1322 vernichte,
2260 1286 2305 1317 die
2328 1286 2359 1315 in
2382 1285 2472 1322 ihrem
2494 1283 2552 1320 get-

1762 1328 1850 1365 stigen
1866 1327 1943 1357 Kern
1960 1326 2179 1362 unvernichlbar
2195 1324 2256 1361 sein
2270 1324 2373 1360 sollten
2390 1324 2448 1353 und
2465 1322 2552 1358 daher

1764 1366 1825 1395 eine
1853 1364 2123 1399 Wiedererweckung
2163 1362 2194 1393 in
2220 1368 2314 1392 neuen
2339 1361 2466 1397 Formen
2491 1363 2553 1388 ver-

1741 1416 1744 1435 i
1763 1403 1875 1434 dienen.
1894 1402 1993 1440 Dahin
2012 1403 2136 1439 gehören
2156 1402 2230 1431 etwa
2247 1400 2294 1429 die
2311 1398 2485 1435 Grundsätze
2504 1398 2554 1427 der

1763 1442 1856 1472 Treue
1877 1442 1935 1471 und
1955 1440 2039 1476 Ehre,
2059 1439 2110 1475 auf
2132 1439 2176 1468 die
2196 1439 2251 1468 das
2271 1436 2448 1466 Mittelalter
2469 1434 2554 1464 einen

1762 1478 1958 1516 wesentlichen
1990 1478 2056 1508 Teil
2092 1477 2184 1514 seiner
2217 1473 2555 1511 Gesellschaftsordnung

1764 1518 1859 1551 baute,
1891 1516 2028 1553 während
2061 1514 2106 1545 die
2138 1514 2273 1544 moderne
2307 1511 2484 1547 Gesellschaft
2519 1510 2555 1545 sie

1765 1554 1946 1592 großenteils
1981 1553 2064 1588 durch
2099 1550 2289 1589 geschäftliche
2322 1540 2556 1584 Rechtssormeln

1766 1594 1832 1624 oder
1851 1591 1932 1626 durch
1951 1590 2132 1627 mechanisck)«
2150 1588 2487 1622 StaatSverordnungen
2507 1586 2556 1615 ab¬

1767 1630 1852 1667 gelöst
1877 1630 1936 1665 hat.
1961 1629 2033 1665 ohne
2057 1628 2093 1664 sie
2119 1627 2186 1663 doch
2211 1627 2244 1656 in
2269 1625 2363 1661 ihrem
2388 1622 2557 1659 Eigenwert

1766 1668 1826 1698 und
1848 1669 1896 1698 der
1916 1671 1972 1697 von
1993 1666 2052 1703 ihm
2072 1664 2312 1701 ausstrahlenden
2331 1662 2416 1699 Kraft
2436 1659 2558 1695 dadurch

1768 1704 1928 1742 zureichend
1951 1705 2065 1741 ersetzen
2087 1710 2122 1739 zu
2142 1703 2262 1733 können.
2302 1701 2383 1731 Alle»
2406 1700 2486 1736 sehnt
2508 1698 2557 1734 sich

1764 1744 1782 1817 {
1781 1746 1849 1776 >eute
1883 1742 1949 1778 nach
1985 1740 2106 1776 .echter"
2141 1739 2360 1775 Gemeinschaft,
2395 1737 2440 1768 die
2474 1735 2557 1772 durch

1782 1780 1915 1816 ebendige
1938 1779 2251 1816 Gesinnungen,
2275 1775 2350 1812 nicht
2374 1775 2458 1810 durch
2481 1773 2558 1804 Bor-

1764 1819 1895 1864 schicen
1919 1818 1987 1848 oder
2010 1816 2234 1847 Konventionen
2258 1811 2558 1850 zusammengehalten

1766 1866 1824 1894 und
1848 1855 2056 1893 wirl^Sfähig
2075 1852 2201 1890 gemacht
2222 1851 2308 1887 wird,
2328 1852 2389 1881 und
2411 1851 2442 1886 so
2464 1851 2559 1879 etwa»

1765 1901 1880 1939 schwebt
1902 1901 1969 1937 auch
1990 1902 2035 1931 der
2063 1890 2284 1926 üingdeutschen
2304 1889 2474 1924 Bewegung
2497 1890 2560 1921 vor.

1768 1940 1812 1971 die
1834 1939 1882 1975 sich
1903 1940 1951 1969 als
1974 1929 2069 1976 solches
2091 1930 2147 1967 a'5
2165 1926 2383 1963 .Bewegung",
2402 1926 2455 1962 seit
2478 1924 2559 1961 ihres

1765 1977 1966 2014 Hochmeisters
2011 1975 2149 2011 Manifest
2194 1967 2324 2004 o^cnnt.
2378 1963 2470 1994 damit
2514 1961 2560 1993 die

1764 2015 1924 2052 Schranken
1949 2016 2000 2044 des
2025 2014 2132 2049 bloßen
2153 2011 2272 2043 Orden»
2297 2002 2429 2041 o''Üiend.

1819 2060 1875 2090 Die
1898 2056 2282 2095 Realisierungsvorschläge
2303 2057 2354 2086 des
2375 2045 2561 2086 Su^^UMeS,

1766 2098 1865 2133 welche
1890 2097 1934 2127 die
1958 2097 2162 2133 Gesinnungen
2185 2093 2359 2130 ftaatsfähig
2385 2098 2419 2129 zu
2444 2088 2561 2127 for724N

1766 2134 1923 2172 versuchen,
1953 2134 2013 2170 sind
2048 2133 2209 2169 allerdings
2245 2131 2298 2162 mit
2332 2131 2390 2160 viel
2424 2125 2569 2159 verbaler'

1769 2173 1922 2204 Romantik
1946 2173 2060 2209 belastet
2095 2173 2154 2202 und
2181 2169 2365 2206 verwechseln
2389 2168 2467 2204 Wohl
2495 2165 2560 2200 doch

1768 2211 1813 2241 die
1839 2210 2024 2246 Simplizität
2053 2208 2133 2239 einer
2160 2206 2407 2242 Ordensaufgabe
2432 2204 2485 2235 mit
2511 2204 2559 2233 der

1767 2249 1989 2285 Berwickeltheit
2018 2248 2169 2278 moderner
2194 2243 2463 2280 Staatsaufgaben.
2508 2240 2561 2276 Je¬

1769 2288 1834 2322 doch
1857 2286 1988 2323 übersehe
2012 2292 2081 2316 man
2105 2284 2190 2319 nicht,
2214 2282 2271 2319 daß
2295 2281 2406 2319 hierfür
2432 2282 2480 2311 der
2505 2278 2560 2309 ita¬

1770 2325 1896 2362 lienische
1913 2324 2093 2361 FasciSmus
2111 2320 2307 2357 allenthalben
2327 2319 2358 2349 in
2373 2320 2422 2349 der
2439 2317 2560 2354 Jugend

1769 2364 1823 2394 den
1841 2362 1926 2398 »Mut
1941 2369 1992 2399 zur
2009 2359 2142 2396 Einfalt"
2161 2358 2270 2389 erweckt
2288 2358 2347 2387 und
2366 2356 2480 2393 gestärkt
2498 2354 2559 2391 hat!

1769 2400 1831 2432 Wir
1854 2399 2007 2436 vermögen
2028 2402 2089 2428 uns
2115 2396 2222 2434 freilich
2243 2397 2329 2426 unter
2352 2395 2400 2424 der
2423 2392 2563 2428 »umwäl¬

1767 2438 1890 2476 zenden"
1933 2437 2157 2472 Verwandlung
2200 2435 2251 2464 des
2292 2431 2562 2468 Wahlführertum»

1772 2478 1840 2513 (das
1867 2476 1979 2513 versagt
2006 2475 2089 2512 habe,
2114 2472 2215 2508 ebenso
2243 2470 2300 2501 wie
2328 2471 2382 2501 das
2408 2462 2563 2500 Beamten-

1770 2514 1931 2551 führertum
1949 2513 1979 2544 in
1999 2512 2092 2549 seiner
2110 2509 2329 2547 Vorherrschaft
2346 2507 2460 2544 versagt
2477 2505 2562 2543 habe)

1771 2552 1852 2587 durch
1877 2553 1931 2582 das
1958 2549 2157 2587 jungdeutsche
2184 2545 2445 2582 »Kurführertum"
2472 2543 2565 2578 nicht-

1770 2590 1875 2625 rechte»
1900 2588 2098 2623 vorzustellen:
2128 2586 2191 2622 hier
2215 2585 2333 2614 werden
2359 2581 2567 2613 unmittelbare

1770 2626 2056 2664 Reformvorschläge
2078 2630 2125 2654 am
2149 2621 2349 2659 herrschenden
2371 2619 2569 2656 VolkSstaat».

1770 2666 1867 2702 system
1886 2664 2021 2700 «insetzen
2044 2662 2162 2698 müssen,
2185 2660 2262 2691 denn
2283 2659 2328 2689 die
2347 2657 2475 2692 einfache
2497 2656 2569 2686 Ein¬

1769 2697 1897 2739 führung
1938 2703 1986 2732 der
2023 2698 2362 2735 Manifeslforderungen
2401 2695 2481 2725 wäre
2521 2693 2569 2723 ein

1768 2738 1974 2775 Staatsstreich
2017 2737 2141 2775 größten
2186 2734 2367 2769 Ausmaßes,
2410 2734 2469 2762 und
2511 2731 2568 2760 wir

1771 2777 1905 2814 fürchten,
1922 2776 1978 2811 daß
1999 2777 2034 2806 da
2052 2776 2100 2805 der
2119 2774 2182 2810 sehr
2200 2772 2259 2803 viel
2277 2771 2425 2807 massivere
2442 2770 2568 2800 Staats¬

1768 2809 1859 2852 streich
1888 2817 1939 2845 des
1966 2811 2156 2849 Stahlhelm»
2185 2809 2230 2840 die
2256 2809 2400 2845 größeren
2428 2808 2568 2843 Chancen

1769 2855 1820 2884 de»
1846 2851 2011 2888 Gelingen»
2046 2851 2133 2887 hätte.
2179 2848 2257 2879 Aber
2292 2848 2357 2876 dem
2381 2844 2568 2882 Hochmeister

1770 2892 1829 2921 und
1848 2889 2026 2927 Hochkapitel
2043 2888 2109 2924 geht
2124 2890 2158 2916 e»
2174 2884 2270 2923 gewiß
2287 2883 2361 2919 nicht
2378 2889 2428 2914 um
2444 2882 2569 2913 Staats¬

1768 2929 1861 2966 streich
1878 2943 1911 2948 —
1930 2926 2046 2962 obwohl
2061 2926 2097 2961 sie
2115 2928 2147 2954 es
2163 2924 2237 2958 nicht
2255 2929 2329 2959 ganz
2344 2922 2432 2956 lassen
2447 2922 2568 2954 können,

1769 2966 1836 3001 auch
1856 2965 1910 2996 mit
1930 2955 2089 3000 äußersten,
2108 2960 2336 2997 katastrophalen
2358 2958 2511 2995 Lösungen
2532 2963 2568 2993 zu

1769 3004 1886 3042 spielen.
1931 3001 2051 3037 Vorerst
2080 3000 2173 3038 haben
2203 2999 2239 3035 sie
2269 2998 2323 3028 den
2351 2996 2476 3033 Versuch
2507 2995 2567 3024 ein-

1769 3042 1894 3079 geleitet,
1928 3040 1982 3070 mit
2010 3041 2059 3070 der
2087 3036 2278 3074 »nationalen
2304 3033 2412 3065 Mitte"
2445 3033 2567 3069 unsere»

1769 3079 1926 3118 offiziellen
1949 3077 2125 3115 politischen,
2147 3075 2209 3112 also
2234 3073 2303 3109 auch
2325 3073 2377 3103 der
2401 3072 2567 3109 parlamen-

1769 3118 1906 3154 torischen
1929 3116 2043 3146 Lebens
2069 3113 2210 3151 Fühlung
2236 3118 2270 3149 zu
2294 3110 2426 3148 nehmen.
2468 3108 2511 3139 Es
2536 3107 2568 3144 ist

1768 3155 1843 3191 nicht
1859 3161 1934 3192 ganz
1951 3151 2139 3189 durchsichtig,
2156 3150 2191 3181 ob
2209 3150 2255 3180 die
2273 3148 2316 3185 »F
2327 3154 2341 3177 r
2353 3155 2369 3177 o
2381 3155 2400 3178 n
2411 3149 2423 3178 1
2441 3148 2484 3177 19
2493 3147 2512 3176 2
2521 3145 2569 3181 9",

1769 3195 1801 3224 in
1826 3195 1875 3223 der
1903 3189 2108 3229 hauptsächlich
2137 3188 2182 3219 die
2209 3186 2368 3222 bisherige,
2393 3185 2490 3220 wenig
2521 3184 2567 3213 be-

1769 3232 1879 3268 währte
1896 3230 2045 3265 »Liberale
2060 3223 2283 3262 Vereinigung"
2298 3232 2333 3260 zu
2347 3223 2442 3259 stecken
2457 3215 2570 3259 scheint,

1771 3270 1851 3306 schon
1873 3269 1939 3299 eine
1961 3267 2098 3302 Wirkung
2123 3265 2190 3295 oder
2213 3261 2324 3293 bereit»
2348 3261 2412 3291 eine
2435 3260 2570 3291 Voraus¬

1770 3299 1879 3345 setzung
1908 3307 1957 3336 der
1985 3302 2228 3342 jüngstdeutschen
2256 3300 2361 3332 Aktion
2388 3301 2466 3333 war;
2495 3297 2570 3333 diese

1771 3346 1865 3382 Front
1884 3343 2034 3381 inspiriert
2051 3342 2111 3372 kein
2128 3339 2304 3373 Geringerer
2321 3337 2370 3367 als
2388 3338 2436 3367 der
2452 3336 2568 3366 Reichs-

1773 3381 2000 3418 außenminister
2025 3379 2108 3415 durch
2136 3379 2191 3408 das
2215 3376 2352 3407 Medium
2379 3374 2475 3411 seines
2499 3373 2572 3404 Bio¬

1773 3421 1902 3458 graphen
1923 3419 2041 3455 RochuS
2063 3416 2134 3454 Frh.
2159 3420 2185 3446 v.
2210 3413 2403 3451 Rheinbaben
2428 3410 2515 3448 (nicht
2537 3417 2572 3447 zu

1775 3458 1962 3495 verwechseln
1991 3457 2044 3486 mit
2073 3456 2137 3485 dem
2163 3453 2234 3490 Frh.
2262 3452 2384 3482 Werner
2411 3453 2438 3481 v.
2463 3448 2573 3485 Rhein-

1774 3497 1877 3532 baben,
1914 3496 1962 3526 der
1998 3496 2047 3525 als
2085 3489 2349 3528 volksparteilicher
2386 3487 2574 3522 Reichslags¬

1776 3533 1986 3571 abgeordneter
2025 3531 2104 3561 einer
2138 3531 2187 3560 der
2223 3527 2349 3558 intimen
2382 3525 2575 3562 Widersacher

1773 3573 1988 3609 Stresemanns
2011 3570 2043 3600 in
2064 3570 2113 3600 der
2134 3567 2254 3603 eigenen
2274 3564 2379 3601 Partei
2401 3563 2458 3599 ist).
2499 3563 2574 3592 Aber

1776 3614 1862 3641 wenn
1891 3615 1959 3639 man
1984 3608 2061 3643 hört,
2086 3606 2139 3637 mit
2164 3607 2239 3635 wem
2267 3603 2313 3634 die
2340 3600 2576 3638 Jungdeutschen

1776 3648 1844 3684 noch
1867 3647 1940 3678 alles
1964 3645 2103 3683 Fühlung
2127 3651 2162 3680 zu
2184 3643 2307 3678 nehmen
2329 3632 2488 3677 versuchen,
2512 3639 2576 3668 dar-

1777 3688 1862 3717 unter
1886 3685 2029 3722 Figuren,
2066 3681 2113 3713 die
2137 3680 2261 3717 wirklich
2291 3685 2356 3715 zum
2382 3676 2577 3712 verrostetsten

1778 3725 1864 3760 Eisen
1890 3724 1939 3753 der
1962 3720 2107 3757 deutschen
2129 3719 2240 3755 Politik
2262 3717 2398 3754 gebörcn,
2422 3716 2451 3752 so
2473 3715 2577 3746 kommt

1778 3762 1864 3792 einen
1892 3762 1947 3791 das
1974 3758 2189 3795 Kopfschütteln
2214 3763 2262 3787 an.
2305 3755 2366 3786 Der
2391 3752 2578 3791 Hochmeister

1779 3800 1855 3831 wird
1878 3799 1927 3836 sich
1952 3797 2076 3830 darüber
2099 3796 2158 3827 klar
2182 3795 2298 3826 werden
2321 3792 2440 3829 müssen,
2463 3791 2520 3826 daß
2546 3793 2578 3821 er

2587 941 2672 970 unter
2717 938 2772 968 den
2812 932 3073 972 Parteipolitikern
3115 934 3174 961 von
3215 926 3382 964 offiziellem

2589 978 2721 1014 Stempel
2757 976 2841 1012 heute
2876 979 2933 1002 nur
2967 971 3052 1001 einen
3086 969 3167 1006 gäbe,
3201 967 3254 997 mit
3292 965 3382 1000 dessen

2586 1015 2688 1046 Gaben
2706 1013 2756 1050 sich
2775 1012 2839 1043 ein«
2855 1010 3109 1044 Volksbewegung
3128 1003 3276 1041 entfesseln
3297 1002 3383 1036 ließe,

2588 1056 2643 1085 da»
2671 1053 2702 1089 ist
2726 1050 2833 1087 Gustav
2859 1048 3051 1084 Stresemann
3075 1045 3179 1082 selber;
3216 1044 3289 1077 dazu
3315 1041 3382 1069 aber

2589 1090 2687 1126 müßte
2721 1095 2751 1118 er
2783 1087 2936 1124 aufhören.
2970 1081 3204 1119 Außenminister
3236 1087 3272 1116 zu
3308 1078 3383 1114 sein;

2590 1128 2669 1167 schon
2697 1125 2826 1163 möglich,
2860 1124 2915 1160 daß
2941 1123 2987 1153 die
3011 1122 3106 1158 Frage
3132 1120 3200 1150 bald
3235 1116 3384 1147 brennend

2588 1167 2674 1202 wird,
2708 1165 2745 1194 ob
2777 1163 2853 1196 nicht
2874 1162 2952 1199 seine
2975 1156 3212 1195 innenpolitische
3236 1155 3384 1189 Sendung

2593 1206 2662 1239 (da»
2679 1203 2737 1233 alte
2754 1200 2953 1238 Parteiwesen
2969 1197 3039 1227 über
3058 1199 3110 1227 den
3127 1195 3243 1232 Haufen
3261 1200 3296 1229 zu
3314 1195 3386 1220 wer-

2592 1244 2640 1280 fen
2659 1241 2721 1271 und
2742 1243 2835 1269 neues
2855 1245 2891 1274 zu
2912 1236 3061 1274 gestalten)
3084 1231 3276 1270 wesentlicher
3298 1229 3389 1263 wäre,

2593 1282 2641 1311 als
2663 1281 2729 1309 was
2751 1283 2780 1307 er
2802 1277 2832 1306 in
2856 1276 2936 1305 einer
2958 1274 3114 1309 gefrornen
3136 1267 3389 1300 internationalen

2589 1316 2750 1349 Situation
2784 1302 3012 1350 außenpolitisch
3049 1316 3085 1345 zu
3122 1308 3220 1343 leisten
3258 1309 3387 1340 vermag.

2594 1353 2728 1393 Freilich,
2767 1359 2818 1382 um
2845 1350 2935 1388 große
2963 1348 3217 1382 Volksbewegung
3247 1344 3312 1380 geht
3342 1345 3388 1376 es;

2589 1393 2665 1429 nicht
2695 1398 2745 1423 um
2776 1388 2991 1428 politisierende
3014 1379 3389 1420 »Kränzchen"-Gründun-

2592 1432 2660 1469 gen!
2704 1428 2761 1460 Die
2784 1426 2927 1462 kritischen
2952 1421 3243 1461 Frühlingswochen,
3267 1419 3313 1449 di«
3336 1422 3389 1448 vor

2591 1473 2651 1500 uns
2671 1468 2776 1504 liegen,
2795 1466 2906 1496 können
2923 1461 3134 1497 weittragende
3151 1457 3297 1496 politische
3317 1456 3389 1487 Ent¬

2593 1498 2780 1544 scheidungen
2798 1503 2932 1539 bringen,
2950 1500 3009 1530 und
3029 1501 3077 1529 der
3095 1495 3255 1534 .Jungdo"
3273 1501 3339 1530 mag
3357 1494 3389 1523 in

2593 1546 2672 1582 ihrer
2695 1543 2898 1576 Auswertung
2921 1536 3120 1575 ansehnliches
3146 1533 3293 1571 Kraftfeld
3318 1535 3391 1561 wer¬

2594 1585 2657 1617 den.
2674 1585 2760 1611 wenn
2776 1586 2806 1610 er
2820 1577 2969 1612 Schwung
2985 1575 3038 1606 mit
3055 1571 3261 1609 Nüchternheit
3276 1579 3310 1608 zu
3327 1575 3389 1600 ver¬

2594 1620 2703 1651 binden
2719 1619 2780 1649 und
2798 1608 2977 1654 entschlosien
2994 1613 3048 1648 auf
3066 1614 3122 1643 den
3138 1610 3242 1642 Boden
3261 1610 3313 1638 des
3331 1608 3390 1638 All-

2596 1661 2665 1694 tags
2685 1664 2720 1694 zu
2742 1657 2835 1686 treten
2857 1657 2986 1688 vermag.
3009 1649 3084 1686 Eine
3105 1647 3393 1686 jungbürger-

2597 1695 2694 1731 liche
2716 1694 2812 1731 Front
2833 1698 2923 1729 gegen
2944 1688 3120 1726 Hugenberg
3141 1688 3202 1717 und
3222 1684 3394 1720 Stahlhelm

2597 1736 2656 1764 und
2681 1732 2735 1763 alle
2759 1732 2790 1762 in
2814 1730 2908 1765 diesen
2931 1728 3034 1759 beiden
3057 1726 3171 1757 Namen
3195 1723 3393 1755 verkörpertrn

2593 1763 2742 1807 Gefahren
2763 1769 2797 1807 ist
2817 1768 2898 1807 schon
2920 1766 2974 1798 de»
2995 1762 3243 1801 vaterländischen
3263 1760 3390 1797 Schwei-

2600 1810 2654 1847 her
2670 1808 2758 1840 wert!

2843 1904 3150 1964 Ausland.

2728 2003 2798 2038 Die
2820 1999 3267 2041 Reparationskonferenz.

2746 2064 2804 2094 Ein
2823 2063 3006 2092 Kommentar
3023 2062 3075 2089 dr«
3092 2060 3243 2093 „TempS".

2649 2111 2748 2145 Paris,
2769 2112 2809 2140 30.
2833 2110 2924 2143 Mär,.
2948 2107 3020 2142 (Tel.
3041 2108 3156 2142 unsere«
3178 2104 3316 2142 ^-Korr.)
3341 2102 3393 2132 Die

2595 2140 2768 2192 französische
2785 2138 2938 2182 öffentliche
2956 2147 3096 2179 Meinung
3112 2144 3178 2179 fleht
3196 2145 3243 2173 der
3260 2142 3395 2175 Entschei¬

2597 2199 2679 2229 dung,
2708 2189 2753 2223 pie
2781 2186 2917 2219 nunmehr
2944 2185 2987 2213 bei
3014 2173 3195 2217 Deutschland
3221 2182 3296 2215 liegt,
3324 2180 3393 2214 ohne

2595 2232 2766 2268 AusreguiTA
2783 2226 2842 2254 und
2860 2225 2913 2252 mit
2932 2224 2979 2252 der
2997 2222 3083 2257 stillen
3103 2222 3317 2254 Ueberzeugung
3336 2222 3394 2247 ent-

2598 2279 2690 2307 gegen,
2709 2271 2763 2304 daß
2792 2264 2839 2298 die
2859 2263 2998 2297 Osterlage
3025 2261 3079 2289 da«
3098 2259 3249 2288 Einlenken
3278 2258 3393 2290 bringen

2599 2312 2718 2343 werden.
2746 2310 2803 2338 Der
2825 2300 2999 2340 ,L-empS"
3021 2299 3141 2333 schreibt:
3166 2298 3254 2330 »Man
3275 2297 3323 2330 hat
3342 2296 3396 2323 dar

2598 2349 2711 2385 Gefühl,
2731 2347 2785 2380 daß
2806 2347 2849 2375 die
2871 2339 3027 2374 Köderen,
3047 2337 3089 2365 bei
3111 2336 3183 2370 ihrer
3205 2334 3394 2369 schwierigsten

2601 2390 2658 2418 und
2680 2385 2894 2418 undankbarsten
2914 2377 3009 2418 Ph^tz
3029 2375 3179 2408 angelangt
3201 2375 3239 2408 ist.
3267 2372 3332 2406 Daß
3351 2371 3399 2406 sich

2599 2429 2642 2456 die
2661 2427 2796 2460 Experten
2816 2423 2884 2451 über
2904 2422 2957 2449 da»
2976 2414 3099 2453 PZnzip
3119 2414 3166 2441 der
3186 2411 3395 2445 Reparationen

2603 2466 2661 2494 und
2688 2464 2731 2493 die
2760 2463 2828 2496 beste
2848 2459 2980 2492 Methode
3009 2456 3086 2490 ihrdr
3106 2452 3252 2484 Regelung
3280 2449 3400 2483 geeinigt

2601 2504 2697 2537 haben,
2711 2503 2741 2536 ist
2756 2498 2904 2534 erfreulich,
2917 2496 3005 2526 bliebe
3022 2494 3086 2523 aber
3102 2489 3174 2523 ohne
3190 2489 3300 2522 Nutzen,
3314 2490 3396 2516 wenn

2605 2543 2672 2571 über
2687 2541 2733 2569 die
2751 2538 2828 2573 Höhe
2848 2535 2906 2570 und
2924 2534 3023 2570 Zahl
3040 2533 3106 2561 der
3123 2525 3401 2564 J>hre«raten

2606 2581 2677 2609 keine
2701 2577 2923 2611 Verständigung
2947 2571 3041 2606 erzielt
3063 2570 3169 2599 würde.
3201 2565 3278 2596 Man
3302 2563 3406 2596 mochte-

2605 2620 2686 2651 lange
2705 2622 2754 2645 um
2771 2615 2824 2644 den
2843 2613 2940 2648 heißen
2960 2610 3029 2640 Brei
3049 2607 3143 2642 gehen,
3161 2602 3308 2640 schlietzlich
3326 2601 3402 2634 heißt

2606 2658 2636 2685 e»
2652 2656 2718 2684 eben
2734 2652 2796 2687 doch
2811 2651 2958 2686 zugreifen.
2983 2649 3040 2677 Der
3055 2645 3208 2679 angebliche
3223 2639 3400 2678 Zeitgewinn

2606 2695 2680 2724 wäre
2706 2692 2768 2726 eher
2799 2691 2844 2719 ein
2870 2686 3035 2723 Zeitverlust
3067 2684 3198 2718 gewesen,
3230 2686 3313 2710 wenn
3348 2679 3401 2705 das

2605 2731 2824 2767 Hauptproblem
2851 2726 2920 2760 nicht
2948 2725 3044 2758 gereist
3072 2723 3110 2757 ist.
3145 2721 3198 2750 Die
3227 2721 3255 2748 in
3284 2715 3402 2749 Unalauf

2605 2772 2727 2805 gesetzten
2750 2768 2859 2802 Ziffern
2883 2764 3030 2797 entbehren
3052 2761 3132 2795 jeden
3154 2758 3303 2793 offiziellen
3326 2754 3402 2794 SHa-

2605 2810 2716 2839 rakters.

2648 2846 2751 2877 Würde
2764 2851 2831 2874 man
2845 2842 2887 2873 die
2903 2841 3017 2875 Kluft
3031 2836 3159 2873 »wischen
3172 2833 3408 2870 Forderung

2606 2889 2664 2914 und
2680 2883 2858 2917 Angebot
2876 2881 2907 2909 in
2926 2879 2998 2914 ihrer
3018 2883 3123 2911 ganzen
3142 2875 3238 2905 Breite
3258 2873 3306 2900 in«
3325 2872 3405 2903 Auga

2606 2924 2697 2959 fassen,
2712 2923 2741 2957 so
2756 2921 2850 2954 müßte
2865 2926 2931 2948 man
2946 2916 3101 2948 allerdings
3115 2921 3153 2942 an
3166 2913 3215 2942 der
3230 2910 3412 2943 Möglichkeit-

2603 2964 2680 2991 einer
2698 2961 2845 2993 Einigung
2864 2954 3050 2990 verzweifeln.
3077 2952 3152 2981 Aber
3172 2954 3254 2978 wenn
3274 2955 3340 2977 man
3360 2948 3423 2975 die'

2606 3001 2678 3033 Lage
2692 2997 2810 3030 bedenkt,
2824 2997 2868 3026 die
2884 2995 2929 3029 für
2942 2992 3126 3026 Deutschland
3139 2990 3195 3018 au»
3209 2989 3299 3016 einem
3312 2986 3405 3018 Schei-

2606 3042 2666 3067 lern
2685 3040 2731 3066 der
2751 3036 2906 3068 Konferenz
2926 3031 3075 3065 resultiere,
3094 3029 3124 3062 ist
3142 3034 3209 3056 man
3228 3026 3344 3059 geneigt,
3363 3024 3405 3052 die

2607 3077 2698 3109 Dinge
2713 3075 2764 3103 mit
2780 3074 2835 3102 viel
2851 3072 2927 3105 mehr
2942 3070 3102 3099 Vertrauen
3119 3073 3152 3100 zu
3167 3065 3328 3096 betrachten.
3352 3062 3405 3090 Die

2604 3112 2812 3146 Deutschen
2830 3113 2941 3139 werden
2959 3108 3009 3142 erst
3029 3106 3187 3138 nachgcben.
3204 3106 3287 3131 wenn
3307 3100 3340 3134 sie
3360 3099 3406 3133 sich

2607 3153 2755 3185 überzeugt
2769 3150 2867 3185 haben,
2881 3148 2935 3182 daß
2949 3147 2983 3181 sie
2998 3145 3041 3175 die
3054 3143 3203 3173 Alliierten
3217 3140 3286 3173 nicht
3299 3139 3407 3173 spalten

2605 3190 2733 3220 können."

2655 3228 2713 3256 Der
2740 3225 2879 3259 .TempS"
2905 3222 2978 3255 weist
3004 3221 3064 3255 hier
3093 3219 3137 3248 die
3162 3216 3408 3251 Preßekampagne

2606 3267 2653 3294 der
2674 3264 2806 3293 Berliner
2829 3261 2940 3291 Blätter
2963 3260 3030 3287 aller
3053 3256 3285 3289 Schattierungen
3312 3252 3408 3286 zurück,

2608 3303 2651 3331 die
2677 3301 2779 3334 darauf
2804 3299 2935 3333 ausgehe,
2961 3293 3122 3330 Frankreich
3149 3293 3192 3321 bei
3220 3294 3272 3320 den
3300 3289 3410 3318 Ameri¬

2607 3341 2706 3368 kanern
2732 3339 2790 3366 und
2812 3338 2864 3365 den
2887 3334 3004 3368 übrigen
3029 3331 3200 3365 Beteiligten
3224 3327 3409 3362 anzuschwär-

2609 3383 2664 3411 zen.
2696 3375 2787 3404 Wenn
2804 3374 2850 3407 sich
2866 3373 2911 3401 ein
2925 3372 3003 3400 Land
3017 3374 3074 3399 von
3089 3369 3206 3401 Anfaim
3222 3372 3259 3394 an
3275 3365 3326 3392 mit
3342 3364 3410 3391 aller

2609 3413 2802 3446 wünschbaren
2830 3410 2955 3439 Klarheit
2983 3407 3050 3436 über
3079 3406 3151 3439 seine
3180 3402 3398 3434 Minimalsordc

2610 3456 2718 3484 rungen
2743 3447 2957 3482 ausgesprochen
2979 3445 3057 3478 habe,
3079 3436 3108 3477 so
3131 3443 3168 3476 sei
3194 3444 3226 3469 es
3250 3437 3411 3474 Frankreich

2611 3488 2740 3522 gewesen.
2780 3485 2879 3515 Daran
2906 3485 2984 3517 heute
3009 3488 3041 3517 zu
3066 3481 3207 3511 erinnern,
3231 3478 3267 3512 sei
3291 3476 3412 3509 einfache

2610 3525 2713 3559 Pflicht
2736 3525 2784 3552 der
2808 3520 3000 3556 französischen
3024 3518 3127 3552 Presse,
3155 3517 3225 3548 ohne
3249 3515 3305 3547 daß
3329 3514 3413 3541 darin

2612 3569 2672 3591 eine
2697 3561 2770 3596 Hetze
2795 3566 2878 3594 gegen
2902 3559 2945 3587 die
2968 3556 3106 3589 deutschen
3133 3554 3309 3587 Delegierten
3335 3551 3413 3584 liege.

2612 3600 2677 3629 Das
2700 3599 2781 3628 Blatt
2803 3598 2927 3625 erinnert
2960 3595 3014 3623 wie
3038 3595 3086 3621 der
3113 3592 3242 3626 »Matin"
3274 3590 3333 3618 und
3367 3590 3415 3616 der

2614 3637 2706 3671 »Petit
2725 3634 2870 3668 Parisien"
2888 3635 2986 3664 daran,
3003 3633 3066 3659 was
3085 3628 3267 3662 Deutschland
3290 3626 3415 3658 einbiktzt,

2612 3674 2746 3707 während
2777 3670 2937 3706 Frankreich
2976 3669 3019 3697 bei
3051 3668 3127 3696 einer
3158 3666 3334 3701 Fortsetzung
3367 3666 3419 3691 der.

2614 3710 2909 3741 DaweS-Annuitäten
2932 3707 2988 3742 sein
3011 3705 3148 3739 Interesse
3172 3702 3295 3737 gewahr»
3318 3700 3410 3733 wüßte

2613 3751 2672 3779 und
2690 3749 2734 3778 die
2752 3747 2985 3782 Rhetnbcsetzung
3005 3745 3062 3778 ihm
3082 3743 3147 3775 auch
3166 3742 3197 3770 in
3214 3741 3337 3775 Zukunst
3355 3740 3416 3767 eine

2615 3787 2766 3822 Handhabe
2787 3792 2834 3821 zur
2851 3783 3040 3816 Eintreibung
3057 3781 3197 3814 derselben
3214 3780 3284 3807 böte.

705 3898 893 3952 Deutsch. Recht,
737 3926 858 3977 Th. Knaur.
120 3962 157 3991 2-
345 3935 677 4004 Feuilleton.

756 3950 844 4003 Nachf..
469 4008 562 4017 -
722 4000 796 4025 Berlin
805 3998 873 4023 WSOt

371 4053 426 4084 Ab
445 4048 681 4084 Mitternacht.

264 4096 376 4125 Roman
400 4093 454 4127 von
479 4092 623 4127 Joseph
647 4086 782 4121 Kessel.

265 4138 425 4171 (Uebersetzt
441 4141 496 4165 von
512 4134 589 4165 Emil
605 4129 781 4164 Siraßbcrg.)

171 4186 253 4216 Wer«
268 4185 423 4220 Petrowna
439 4185 474 4218 aß
489 4185 546 4212 und
561 4180 636 4211 trank
651 4178 713 4207 viel.
728 4176 800 4206 Man
815 4173 917 4204 merkte,

129 4226 182 4259 daß
220 4224 262 4259 »hr
290 4224 397 4258 Körper
431 4222 544 4257 kräftige
570 4219 689 4252 Speisen
723 4218 780 4244 und
805 4210 919 4245 Alkohol

128 4263 261 4297 brauchte,
278 4269 326 4292 um
342 4263 384 4292 die
402 4260 561 4296 nächtlichen
577 4258 802 4292 Anstrengungen
819 4252 920 4283 auSzu-

128 4302 232 4335 halten.
259 4301 324 4330 Das
340 4301 415 4335 aber,
433 4302 497 4329 was
515 4297 615 4333 Helene
634 4303 669 4324 an
687 4298 734 4323 der
750 4292 920 4326 Zigeunerin

130 4341 322 4370 verwunderte
343 4340 401 4369 und
429 4344 524 4371 anzog,
552 4340 620 4369 war,
648 4334 701 4367 daß
720 4331 787 4364 diese
807 4327 921 4361 tierische

130 4379 213 4413 Kraft
237 4381 329 4408 weder
357 4381 403 4408 der
429 4376 606 4411 raffinierten
631 4369 825 4403 Gewandtheit
850 4367 923 4400 ihrer

130 4418 328 4451 Bewegungen
348 4416 475 4449 Abbruch
494 4418 541 4447 tat,
561 4412 623 4445 noch
642 4412 688 4440 der
707 4408 804 4444 stolzen
823 4405 924 4438 Schön¬

130 4456 186 4491 heit
202 4456 280 4489 ihres
295 4455 416 4490 Gesichts
432 4457 491 4483 und
505 4453 593 4486 allem,
609 4451 672 4480 was
688 4456 724 4477 an
739 4447 786 4476 der
801 4444 925 4478 Haltung

132 4494 188 4524 und
210 4494 330 4528 Sprache
352 4493 434 4523 Wcra
456 4492 629 4526 Pctrownas
659 4487 740 4521 rassig
769 4488 836 4513 war.
872 4481 924 4511 Sie

132 4532 257 4567 sprachen
272 4532 328 4561 viel
344 4534 402 4561 und
417 4532 507 4564 lange.
530 4530 586 4558 AlS
601 4527 702 4561 Helene
719 4526 776 4559 ihre
791 4523 927 4552 Verwun¬

133 4572 239 4604 derung
254 4571 321 4600 über
338 4571 379 4600 die
395 4570 547 4604 vielseitige
562 4569 619 4597 und
635 4562 851 4598 überströmcndc
866 4558 928 4588 Bil¬

133 4613 209 4643 dung
230 4613 276 4639 der
295 4609 441 4644 seltsamen
462 4607 608 4642 Zauberin
629 4608 675 4634 der
696 4601 793 4636 Nächte
815 4601 853 4628 im
872 4598 929 4627 Sa¬

133 4652 240 4678 mowar
268 4648 338 4681 nicht
366 4646 514 4682 verhehlen
542 4646 646 4677 konnte,
676 4642 748 4676 sagte
776 4639 857 4669 Wcra
876 4635 930 4670 Pe¬

133 4689 257 4716 trowna:

184 4724 252 4759 »Ich
271 4725 340 4760 habe
360 4724 416 4753 viel
437 4723 549 4757 gelesen,
570 4727 639 4755 ganz
668 4718 748 4753 gleich
776 4716 847 4745 war.
875 4713 931 4743 Ob¬

135 4764 224 4798 gleich.
249 4765 295 4792 als
322 4764 357 4795 ich
383 4765 435 4792 dar
460 4761 598 4796 Alphabet
632 4765 664 4792 zu
697 4758 793 4786 lernen
826 4753 931 4787 anfing,

134 4803 223 4831 meine
248 4803 357 4831 Mutter
381 4801 446 4835 mich
470 4800 556 4835 schlug
588 4801 646 4827 und
677 4796 758 4829 sagte,
790 4793 843 4826 daß
873 4797 932 4820 eine

135 4841 228 4875 wahre
243 4840 417 4874 Zigeunerin
432 4839 486 4869 das
502 4838 569 4871 nicht
585 4835 705 4867 brauche.
728 4833 811 4862 Mein
827 4832 932 4864 zweiter

136 4878 230 4909 Mann
254 4879 319 4908 aber
340 4879 386 4912 hat
408 4878 473 4910 mich
495 4876 554 4911 sehr
576 4874 721 4909 gefördert.
751 4872 790 4900 Er
813 4869 859 4903 hat
880 4868 934 4897 auS

136 4918 190 4947 mir
208 4924 268 4947 eine
287 4918 370 4951 große
389 4917 477 4945 Dame
495 4914 620 4949 gemacht.
646 4913 685 4941 Er
703 4914 762 4939 war
779 4909 807 4941 ja
824 4908 852 4941 so
871 4905 935 4937 reich

137 4956 193 4984 und
210 4955 237 4990 so
254 4958 310 4988 gut.
335 4956 406 4984 War
423 4954 468 4989 für
485 4953 577 4987 Jahre
592 4951 681 4987 haben
697 4949 751 4978 wir
767 4948 797 4976 in
813 4945 934 4976 Moskau

137 4993 271 5023 verlebt!"

187 5032 266 5065 »Und
286 5034 330 5061 wo
350 5032 379 5066 ist
399 5039 427 5061 er
446 5030 539 5065 jetzt?"

188 5070 268 5103 »Da»
288 5071 360 5107 weiß
380 5070 416 5102 ich
435 5070 512 5102 nicht.
540 5069 601 5097 Wir
621 5066 709 5100 haben
729 5064 786 5092 unS
805 5062 867 5094 kurz
888 5062 937 5089 vor

138 5109 184 5137 der
208 5109 382 5139 Revolution
407 5110 542 5142 getrennt.
574 5107 614 5135 Er
638 5103 728 5133 wollte
754 5107 820 5134 gern
844 5099 936 5133 China

139 5145 347 5181 kennenlernen,
365 5151 424 5177 und
440 5147 475 5180 ich
492 5146 584 5180 mußte
602 5144 631 5172 in
649 5142 691 5172 die
708 5138 877 5173 Nachtlokale
895 5142 939 5171 zu-

140 5184 299 5220 rückkehren.
325 5185 343 5218 5
356 5185 378 5219 ch
395 5185 463 5220 hielt
481 5186 512 5214 e»
530 5183 600 5216 nicht
616 5180 694 5216 mehr
711 5179 775 5208 au».
800 5176 939 5209 Vielleicht

948 3904 1048 3937 treffen
1069 3902 1123 3930 wir
1144 3901 1202 3929 unS
1222 3900 1282 3933 hier
1303 3897 1409 3927 einmal
1429 3896 1540 3924 wieder.
1569 3893 1649 3922 Alles
1669 3891 1741 3923 trifft

950 3942 994 3977 sich
1012 3942 1041 3970 in
1057 3939 1153 3973 Pigal.
1179 3938 1223 3968 So
1241 3936 1354 3970 Heridzc
1371 3950 1404 3956 —
1421 3937 1472 3963 vor
1490 3933 1613 3967 zwanzig
1631 3930 1740 3964 Jahre»

950 3984 1010 4009 war
1027 3986 1055 4009 er
1072 3980 1119 4007 der
1136 3976 1288 4010 Liebhaber
1305 3974 1410 4003 meiner
1427 3970 1641 4005 Halbschwester.
1667 3968 1742 3997 Seit¬

952 4023 1012 4048 dem
1029 4018 1102 4051 hatte
1122 4016 1159 4048 ich
1178 4015 1224 4050 ihn
1243 4012 1312 4044 nicht
1331 4012 1407 4045 mehr
1427 4010 1562 4044 gesehen."

1002 4056 1054 4085 Sie
1070 4055 1180 4088 begann
1195 4053 1277 4082 einen
1292 4048 1543 4084 Zigcunerrefrain
1559 4053 1593 4081 zu
1607 4046 1743 4080 summen:

1135 4091 1228 4124 „Alles
1244 4091 1308 4118 was
1325 4091 1394 4121 war,

1134 4130 1213 4158 Alles
1228 4129 1291 4156 war
1306 4125 1397 4161 gefiel,

1134 4168 1179 4202 Ist
1195 4167 1243 4201 seit
1259 4167 1369 4198 langem
1384 4167 1550 4196 vergangen,

1135 4206 1182 4240 Ist
1198 4205 1247 4241 seit
1264 4205 1375 4236 langem
1390 4201 1558 4234 verflossen."

1007 4246 1080 4280 »Ach,
1112 4244 1202 4277 Wcra,
1232 4241 1456 4276 HerzcnSwcra,"
1488 4240 1560 4273 sagte
1591 4237 1633 4265 die
1664 4233 1747 4267 rauhe

957 4286 1087 4317 Stimme,
1107 4283 1149 4313 die
1168 4281 1269 4315 Helene
1289 4281 1329 4309 im
1346 4279 1558 4311 Anrichtcraum
1577 4275 1627 4304 des
1647 4274 1749 4304 Samo¬

958 4328 1016 4354 war
1036 4322 1129 4358 gehört
1148 4321 1229 4355 hatte.
1258 4318 1385 4353 »Immer
1404 4318 1449 4347 ein
1468 4316 1534 4345 Lied
1552 4314 1599 4347 aus
1619 4318 1669 4341 den
1688 4311 1750 4341 Lip¬

958 4367 1011 4399 pen
1031 4365 1088 4390 und
1108 4361 1153 4389 ein
1172 4359 1248 4388 GlaS
1269 4357 1370 4387 Wodka
1391 4354 1518 4388 zwischen
1537 4353 1589 4381 den
1609 4349 1749 4385 Zähnen."

1008 4399 1067 4429 Alle
1097 4398 1277 4430 anwesenden
1309 4393 1452 4427 Kaukasier
1483 4393 1576 4426 hatten
1606 4390 1650 4423 sich
1680 4388 1751 4416 beim

961 4439 1080 4470 Eintritt
1095 4438 1145 4466 des
1160 4435 1277 4470 Fürsten
1291 4432 1406 4466 Hcridze
1421 4431 1550 4465 erhoben.

1012 4477 1098 4511 »Setzt
1117 4475 1183 4505 euch.
1201 4472 1361 4507 Burschen,"
1380 4471 1453 4504 sagte
1470 4476 1506 4501 er.
1525 4470 1597 4500 »und
1615 4464 1691 4494 Dank
1708 4462 1752 4497 für

963 4517 1005 4547 die
1024 4515 1105 4549 Ehre,
1133 4514 1175 4542 die
1203 4512 1247 4546 ihr
1274 4516 1368 4540 eurem
1394 4508 1506 4542 ältesten
1534 4505 1687 4541 Dschigiten
1714 4508 1754 4530 er¬

964 4554 1060 4588 weist."

1012 4594 1053 4622 Er
1072 4594 1136 4624 trug
1155 4590 1237 4618 einen
1256 4587 1340 4619 alten,
1359 4585 1539 4619 schmutzigen,
1557 4582 1660 4611 blauen
1681 4577 1755 4609 Was-

966 4630 1064 4668 fcnrock
1083 4630 1133 4658 mit
1153 4627 1264 4662 rostiger
1283 4623 1521 4659 Patronentasche,
1541 4625 1586 4650 der
1605 4617 1754 4653 Pelzmütze

967 4672 1066 4706 gingen
1084 4669 1126 4697 die
1142 4667 1233 4700 Haare
1249 4666 1313 4694 aus.
1330 4663 1388 4692 und
1403 4662 1462 4697 sein
1477 4661 1525 4689 bis
1542 4665 1604 4692 zum
1621 4658 1696 4686 Kinn
1713 4661 1757 4688 zn-

969 4708 1120 4744 geknöpfter
1137 4705 1245 4738 Kragen
1260 4703 1314 4736 ließ
1329 4700 1498 4734 bezweifeln,
1514 4699 1546 4726 ob
1562 4704 1590 4727 er
1604 4699 1683 4724 unter
1700 4698 1758 4722 dem

968 4748 1071 4781 rauhe»
1091 4744 1163 4775 Tuch
1181 4745 1226 4772 ein
1244 4741 1332 4774 Hemd
1359 4743 1432 4773 trug.
1458 4738 1532 4766 Aber
1560 4735 1630 4768 diese
1657 4733 1758 4762 Armut

970 4788 1026 4817 und
1047 4780 1248 4817 Nachlässigkeit
1269 4780 1387 4812 machten
1418 4777 1466 4811 ihn
1495 4781 1549 4805 nur
1578 4779 1626 4803 um
1654 4771 1682 4806 so
1711 4775 1759 4798 an-

971 4825 1118 4861 ziehender.

1019 4864 1058 4892 Er
1076 4865 1135 4889 war
1156 4859 1202 4893 fast
1221 4856 1317 4891 sechzig
1336 4854 1427 4888 Jahre
1446 4853 1493 4886 alt,
1511 4852 1576 4880 aber
1594 4849 1650 4882 sein
1669 4846 1760 4881 hoher,

971 4902 1173 4934 kerzengerader
1197 4895 1303 4928 Körper
1326 4893 1435 4928 strömte
1457 4888 1656 4924 ungebrochene
1680 4884 1760 4913 Kraft

973 4943 1035 4971 aus.
1058 4939 1097 4967 Er
1113 4940 1171 4966 war
1188 4933 1345 4968 kahlköpfig,
1362 4932 1409 4960 der
1425 4929 1547 4961 Schmelz
1563 4927 1650 4961 seiner
1666 4923 1761 4956 Zähne

974 4981 1037 5010 aber
1059 4977 1181 5008 leuchtete
1201 4973 1255 5002 wie
1276 4972 1319 5000 bei
1341 4970 1431 4999 einem
1452 4966 1606 5001 Jüngling.
1635 4963 1675 4991 Er
1696 4960 1763 4994 hielt

974 5020 1027 5048 da»
1049 5016 1140 5050 Haupt
1161 5013 1189 5046 so
1211 5011 1272 5045 stolz
1295 5008 1421 5043 erhoben,
1445 5007 1498 5039 daß
1519 5002 1655 5038 scheinbar
1676 4999 1762 5030 nichts

976 5059 1005 5087 es
1028 5057 1131 5087 beugen
1156 5052 1260 5079 konnte.
1291 5048 1355 5076 Und
1379 5046 1431 5074 alle
1464 5045 1536 5078 seine
1568 5042 1764 5072 Bewegungen

977 5098 1087 5130 zeugten
1109 5096 1164 5120 von
1188 5088 1363 5119 überlegener
1388 5082 1547 5117 Sicherheit.
1579 5079 1641 5108 DaS
1665 5075 1765 5108 Gesicht

977 5138 1035 5164 war
1052 5131 1114 5164 noch
1129 5128 1204 5165 schön
1220 5125 1287 5155 dank
1303 5128 1350 5154 der
1366 5119 1599 5156 Regelmäßigkeit
1616 5120 1662 5145 der
1679 5114 1766 5148 Züge,

953 5158 959 5203 >
978 5176 1037 5202 dem
1058 5170 1106 5206 fast
1127 5163 1342 5198 unerträglichen
1363 5161 1453 5195 Feuer
1473 5159 1560 5194 seiner
1581 5155 1688 5187 Augen,
1709 5154 1768 5180 und

1778 3891 1828 3916 vor
1850 3886 1933 3915 allem
1955 3883 2036 3918 durch
2056 3884 2117 3912 eine
2140 3881 2275 3915 glühende
2297 3879 2419 3912 Tollheit
2443 3879 2481 3906 im
2503 3878 2580 3905 Aus¬

1779 3926 1861 3955 druck.
1892 3925 1954 3952 Nur
1977 3926 2060 3951 wenn
2083 3929 2110 3950 er
2133 3921 2222 3953 lachte,
2245 3919 2341 3947 merkte
2364 3923 2439 3949 man,
2462 3916 2514 3949 daß
2536 3915 2579 3944 bei

1780 3964 1879 3997 diesem
1896 3961 2041 3995 Menschen
2057 3962 2147 3989 etwas
2164 3957 2314 3992 unheilbar
2330 3955 2495 3989 zerbrochen,
2512 3953 2581 3988 teus-

1780 4002 1840 4037 lisch
1859 4002 1918 4030 und
1936 4000 2063 4028 verloren
2082 4001 2151 4026 war.

1830 4040 1886 4068 Als
1903 4046 1931 4067 er
1945 4036 2047 4071 Helene
2064 4038 2106 4065 die
2123 4034 2206 4069 Hand
2223 4033 2326 4066 reichte,
2340 4032 2437 4060 konnte
2453 4030 2485 4064 sie
2500 4030 2581 4063 ihren

1783 4078 1853 4108 Blick
1877 4076 1945 4110 nicht
1969 4078 2024 4104 von
2047 4075 2123 4103 einer
2146 4072 2320 4106 schrecklichen
2342 4070 2435 4098 Narbe
2458 4069 2583 4100 wenden,

1783 4117 1825 4145 die
1848 4116 1907 4149 sein
1929 4113 2104 4147 Handgelenk
2127 4112 2174 4140 bis
2197 4111 2246 4144 aus
2270 4112 2322 4138 den
2345 4107 2470 4141 Knochen
2492 4106 2584 4139 durch-

1785 4154 1886 4190 schnitt.

1835 4191 1952 4224 »Müßte
1967 4196 2033 4218 man
2047 4190 2102 4217 daS
2117 4187 2186 4221 nicht
2200 4186 2245 4220 für
2259 4186 2378 4218 Spuren
2391 4187 2447 4212 von
2462 4182 2584 4217 eisernen

1786 4229 1893 4264 Fesseln
1915 4227 2045 4263 halten?"
2069 4227 2142 4261 sagte
2163 4232 2201 4258 er,
2222 4224 2268 4258 sich
2289 4224 2397 4257 setzend.
2428 4221 2495 4255 »Ich
2517 4221 2585 4255 habe

1786 4268 1893 4302 Fesseln
1914 4271 2053 4300 getragen,
2083 4264 2148 4293 aber
2177 4263 2246 4296 nicht
2276 4262 2358 4295 lange
2387 4266 2491 4293 genug;
2520 4265 2586 4287 man

1788 4307 1878 4341 sicht's
1898 4305 1966 4338 nicht
1986 4304 2071 4338 mehr.
2099 4302 2163 4331 Das
2182 4304 2242 4330 war
2263 4301 2327 4328 1919
2353 4300 2402 4332 aus
2432 4301 2477 4326 der
2506 4297 2588 4325 türki¬

1789 4346 1860 4379 schen
1883 4343 1991 4378 Felukc,
2013 4342 2056 4371 die
2079 4340 2145 4373 mich
2166 4343 2222 4367 von
2244 4338 2405 4371 Trapczunt
2427 4336 2491 4366 nach
2515 4335 2589 4363 Kon«

1790 4382 1955 4418 stantinopcl
1971 4380 2085 4413 brachte.
2110 4379 2173 4408 Das
2189 4377 2258 4412 habe
2275 4376 2311 4409 ich
2326 4376 2370 4405 dir
2386 4375 2449 4408 noch
2465 4373 2533 4406 nicht
2550 4380 2589 4402 er¬

1790 4421 1872 4456 zählt,
1893 4420 1984 4449 Wcra.
2013 4418 2066 4452 Ich
2085 4417 2158 4451 halte
2179 4416 2231 4445 mit
2251 4415 2318 4448 zwei
2339 4414 2444 4442 meiner
2465 4412 2590 4441 Tataren

1791 4459 1917 4492 versucht,
1932 4458 1975 4487 die
1991 4456 2142 4491 Besatzung
2158 4454 2225 4483 über
2240 4454 2319 4482 Bord
2335 4458 2367 4485 zu
2381 4451 2494 4484 werfe».
2510 4450 2591 4483 Nein,

1791 4498 1880 4531 dieses
1897 4496 2046 4525 Andenken
2064 4494 2132 4528 habe
2151 4493 2188 4527 ich
2204 4494 2259 4520 aus
2276 4494 2323 4520 der
2340 4488 2558 4523 Mandschurei."

1842 4537 1881 4564 Er
1898 4535 1945 4568 sah
1961 4533 2062 4567 Helene
2079 4532 2123 4566 fest
2138 4539 2185 4560 an.

1843 4573 1917 4606 »Ein
1941 4572 2051 4605 schönes
2074 4569 2200 4603 Gesicht,"
2224 4567 2288 4603 fuhr
2312 4575 2341 4596 er
2364 4567 2428 4600 fort,
2451 4567 2526 4598 „und
2548 4563 2593 4593 ein

1795 4612 1899 4648 schöner
1933 4610 2047 4644 Körper.
2087 4609 2162 4637 Aber
2194 4607 2253 4635 eine
2287 4604 2379 4639 salsche
2413 4603 2594 4637 Zigeunerin,

1795 4651 1863 4683 nicht
1879 4649 1978 4684 wahr?
2003 4648 2050 4681 In
2066 4646 2121 4680 dich
2137 4646 2212 4675 wäre
2229 4645 2265 4678 ich
2281 4643 2375 4677 früher
2392 4642 2461 4673 nicht
2478 4641 2594 4670 verliebt

1797 4689 1925 4723 gewesen.
1955 4686 2006 4720 Ich
2028 4686 2110 4714 liebte
2132 4687 2174 4713 die
2197 4683 2282 4716 echten
2304 4680 2543 4716 Zigeunerinnen,
2564 4678 2596 4713 sic

1797 4728 1958 4760 verstanden
1989 4727 2029 4758 cs,
2060 4725 2142 4752 einen
2173 4728 2206 4755 zu
2238 4720 2348 4753 quälen.
2389 4719 2442 4748 Die
2475 4721 2596 4747 anderen

1798 4766 1911 4800 Frauen
1927 4764 1986 4798 sind
2001 4762 2131 4796 Plunder
2146 4761 2275 4794 dagegen.
2299 4757 2375 4790 Nicht
2391 4757 2479 4790 wahr,
2495 4755 2596 4786 Wcra?

1798 4804 1888 4833 Deine
1903 4802 2061 4835 Schwester,
2075 4799 2160 4833 weißt
2175 4802 2213 4827 du
2228 4797 2309 4831 noch?
2336 4796 2408 4825 Eine
2425 4795 2524 4825 Dirne,
2539 4795 2598 4823 eine

1799 4840 2011 4875 Blutsauger!».
2039 4836 2198 4872 Manchmal
2217 4835 2315 4869 möchte
2335 4834 2371 4868 ich
2390 4835 2433 4864 dir
2452 4833 2494 4863 die
2516 4832 2600 4867 Kehle

1800 4879 1988 4913 durchbeißen,
2004 4884 2052 4906 um
2066 4876 2133 4909 mich
2148 4882 2185 4904 an
2200 4874 2295 4903 deiner
2310 4872 2432 4906 Familie
2448 4878 2481 4904 zu
2498 4871 2600 4900 rächen.

1801 4920 1853 4952 Na,
1873 4918 1959 4951 lassen
1978 4916 2059 4945 wir's
2081 4917 2128 4948 gut
2150 4914 2215 4947 sein,
2234 4912 2298 4942 biet'
2319 4912 2373 4940 mir
2393 4910 2477 4944 dafür
2497 4910 2602 4942 wenig-

1801 4958 1874 4991 stens
1894 4958 1959 4984 was
1981 4961 2043 4988 zum
2063 4952 2184 4982 Trinken
2205 4958 2251 4979 an.
2279 4950 2355 4980 Aber
2375 4950 2470 4978 keinen
2492 4948 2602 4979 Wodka,

1802 5002 1849 5024 um
1866 4994 1937 5028 diese
1954 4994 2067 5024 Stunde
2087 4991 2180 5025 gehört
2197 4989 2242 5024 sich
2260 4988 2393 5018 Rotwein
2411 4990 2468 5016 und
2486 4986 2603 5021 Ziegen¬

1801 5033 1882 5067 käse."

1854 5071 1934 5103 „Und
1951 5071 2004 5099 wie
2025 5069 2086 5103 geht
2104 5069 2136 5097 es
2156 5065 2319 5100 Jacquot?"
2339 5065 2427 5100 fragte
2448 5064 2531 5093 Wer«
2550 5062 2604 5097 Pe-

1803 5113 1924 5143 trpwna.

1855 5147 1923 5181 »Ich
1938 5147 1987 5176 bin
2002 5145 2100 5179 soeben
2116 5144 2160 5173 bei
2177 5142 2221 5175 ihr
2236 5141 2369 5175 gewesen.
2393 5140 2488 5173 Daher
2504 5139 2604 5168 komme

2618 3876 2653 3909 ich
2676 3876 2703 3910 so
2723 3874 2792 3908 spät.
2821 3874 2874 3903 Sie
2894 3871 2995 3906 schläft.
3024 3870 3070 3899 So
3090 3869 3160 3898 kann
3182 3868 3219 3900 ich
3241 3867 3324 3900 ruhig
3344 3865 3419 3899 sein"

2620 3911 2938 3948 (überraschenderweise
2956 3909 3063 3942 lächelte
3081 3915 3110 3937 er
3125 3907 3228 3941 sanft):
3250 3905 3357 3939 »Weißt
3377 3907 3421 3935 du.

2620 3952 2655 3985 ich
2676 3954 2766 3980 werde
2788 3950 2831 3984 ihr
2852 3950 2918 3978 bald
2937 3948 2984 3978 ein
3006 3946 3087 3976 Kleid
3108 3946 3206 3979 kaufen
3227 3944 3342 3972 können.
3370 3941 3424 3976 Ich

2621 3990 2688 4025 habe
2712 3990 2764 4018 mit
2786 3988 2913 4022 Terhane
2938 3987 2983 4015 ein
3006 3984 3131 4018 Geschäft
3155 3982 3296 4017 gemacht."

2672 4028 2734 4061 »Du
2753 4028 2798 4056 ein
2816 4024 2976 4060 Geschäft?"

2673 4065 2739 4099 »Ich
2754 4064 2823 4099 habe
2840 4065 2897 4098 ihm
2911 4064 2992 4092 einen
3006 4060 3117 4095 Tänzer
3131 4059 3249 4093 besorgt,
3262 4059 3330 4087 aber
3344 4058 3425 4087 einen

2621 4103 2739 4138 Tänzer,
2762 4103 2815 4132 wie
2838 4103 2875 4131 du
2899 4101 2962 4134 noch
2985 4100 3079 4129 keinen
3103 4098 3215 4132 gesehen
3239 4097 3303 4131 hast.
3335 4096 3425 4130 Frage

2624 4143 2701 4176 nicht,
2715 4145 2786 4171 wen.
2810 4141 2874 4169 DaS
2891 4140 2920 4173 ist
2936 4139 2981 4168 ein
2998 4138 3176 4172 Geheimnis.
3201 4136 3262 4165 Nur
3280 4136 3315 4167 ich
3331 4135 3428 4163 konnte

2625 4181 2673 4215 ihn
2688 4185 2757 4213 dazu
2771 4178 2953 4211 veranlassen.
2967 4176 3028 4210 Für
3041 4180 3132 4205 meine
3146 4174 3318 4209 Bemühung
3332 4172 3427 4207 schenkt

2624 4219 2753 4253 Terhane
2773 4218 2877 4246 meiner
2897 4216 3024 4249 Jacquot
3040 4215 3087 4243 ein
3108 4214 3213 4242 Kleid."

2675 4259 2714 4286 Er
2735 4256 2811 4286 trank
2831 4255 2917 4290 hastig
2937 4255 3020 4288 große
3041 4252 3142 4285 Gläser
3162 4251 3296 4281 Rotwein
3318 4250 3375 4279 und
3394 4250 3431 4282 aß

2627 4296 2715 4330 gierig
2731 4295 2825 4329 riesige
2842 4293 2975 4325 Scheiben
2992 4291 3060 4324 Käse
3077 4295 3128 4319 mit
3144 4294 3196 4319 den
3212 4289 3346 4323 Fingern,
3363 4288 3431 4321 ohne

2627 4335 2681 4367 daß
2710 4334 2782 4368 seine
2812 4331 2946 4365 prächtige
2977 4329 3287 4363 HabichtSerscheinung
3317 4329 3433 4358 dadurch

2629 4374 2718 4401 etwas
2735 4370 2877 4404 einbüßle.
2902 4369 2974 4401 Auch
2992 4376 3019 4398 er
3037 4367 3147 4401 gehört«
3167 4374 3199 4400 zu
3217 4370 3263 4395 der
3283 4365 3372 4398 Rasse,
3391 4368 3433 4393 die

2629 4410 2709 4444 durch
2727 4409 2807 4443 Essen
2825 4411 2884 4438 und
2903 4407 3025 4436 Trinken
3043 4407 3112 4439 nicht
3132 4405 3182 4434 dick
3200 4406 3281 4436 wird,
3300 4404 3343 4432 die
3363 4403 3433 4435 dazu

2631 4449 2749 4482 geboren
2768 4448 2806 4482 ist,
2843 4453 2875 4480 zu
2895 4446 3017 4479 handeln
3038 4447 3097 4473 und
3117 4450 3149 4477 zu
3170 4443 3295 4477 gefallen,
3315 4441 3371 4470 und
3391 4440 3433 4469 bei

2630 4490 2677 4517 der
2696 4488 2749 4516 das
2767 4486 2862 4514 innere
2880 4484 2971 4517 Feuer
2989 4483 3058 4512 alles
3076 4482 3208 4516 verzehrt.

2681 4524 2809 4558 Plötzlich
2842 4523 2911 4558 hielt
2943 4521 3059 4555 Hcridze
3092 4522 3132 4549 im
3165 4520 3246 4553 Essen
3278 4519 3344 4547 inne
3377 4520 3434 4545 und

2632 4563 2756 4597 lauschte.
2781 4562 2839 4592 Ein
2854 4564 3046 4590 verworrener
3064 4558 3150 4588 Lärm
3165 4559 3255 4590 drang
3271 4560 3326 4584 von
3345 4555 3434 4587 außen

2633 4602 2735 4637 herein,
2762 4600 2920 4633 aufgeregte
2948 4599 3093 4629 Stimmen
3119 4601 3177 4625 und
3204 4595 3434 4627 Bcleidigungc».

2685 4639 2773 4672 »Eine
2795 4638 2940 4669 Keilerei,"
2962 4636 3108 4666 murmelte
3129 4638 3175 4663 der
3195 4634 3248 4662 alte
3269 4631 3357 4665 Fürst,
3379 4632 3434 4658 und

2636 4678 2707 4714 seine
2729 4677 2828 4711 Augen
2852 4676 3007 4708 leuchteten.

2685 4717 2726 4746 Er
2744 4715 2836 4744 wollte
2855 4714 2901 4748 sich
2918 4715 3016 4747 gerade
3035 4711 3159 4745 erhebe»,
3177 4710 3223 4738 al»
3241 4707 3284 4736 die
3302 4706 3361 4736 Tür
3379 4706 3435 4733 kra¬

2635 4755 2716 4789 chend
2733 4754 2899 4789 ausgerisscn
2916 4755 3012 4780 wurde
3032 4754 3088 4778 und
3106 4750 3164 4777 eine
3182 4746 3339 4779 rothaarige
3357 4744 3434 4776 Frau

2638 4794 2688 4822 mit
2712 4793 2774 4822 dem
2797 4791 2868 4825 Hute
2891 4791 2921 4819 in
2943 4789 2991 4819 der
3013 4788 3096 4822 Hand
3126 4784 3325 4820 hereinstürztc.
3356 4781 3433 4814 Zwei

2639 4832 2764 4861 Männer
2783 4830 2887 4864 folgten
2907 4829 2959 4862 ihr.
2983 4827 3042 4855 Alle
3059 4830 3153 4854 waren
3171 4823 3230 4855 sehr
3247 4820 3402 4850 betrunken.

2690 4869 2770 4902 »Da»
2791 4869 2821 4902 ist
2842 4868 2869 4900 ja
2891 4866 2989 4900 Olga,"
3010 4865 3082 4899 sagte
3103 4863 3145 4892 die
3164 4859 3345 4894 Zigeunerin,
3367 4858 3434 4891 ohne

2641 4908 2684 4944 sich
2704 4914 2736 4941 zu
2754 4910 2900 4935 wundern.

2692 4946 2744 4975 Die
2764 4945 2844 4979 Frau
2863 4943 2954 4978 schrie:

2693 4984 2800 5017 »Wera,
2817 4983 2906 5011 meine
2922 4981 3003 5009 Gute,
3019 4977 3081 5011 sage
3097 4975 3158 5007 doch
3174 4973 3265 5007 diesen
3281 4971 3387 5003 beiden,
3403 4970 3437 5005 sie

2642 5023 2726 5059 sollen
2742 5021 2808 5052 mich
2824 5021 2853 5049 in
2870 5018 2949 5049 Ruhe
2965 5015 3073 5048 lassen."

2694 5060 2766 5093 »Ah!
2788 5059 2834 5088 Du
2855 5056 2927 5089 wirst
2947 5056 3004 5083 un»
3023 5052 3084 5083 doch
3113 5051 3180 5084 nicht
3210 5049 3265 5084 jetzt
3295 5049 3334 5077 im
3362 5047 3440 5078 Stich

2643 5099 2751 5133 lassen,"
2767 5098 2839 5132 sagte
2854 5097 2899 5123 der
2914 5094 2973 5122 eine
2988 5092 3019 5120 in
3034 5088 3246 5124 zweifelhaftem
3260 5085 3438 5120 Französisch,

2644 5141 2717 5171 »und
2736 5139 2806 5168 dazu
2824 5132 2886 5163 noch
2904 5135 2998 5163 wegen
3016 5130 3096 5157 eine«
3114 5127 3224 5156 Alten."
