1918 2362
229 104 883 225 Züricher
989 96 1631 214 Zeitung.
1708 92 1746 242 |

604 297 614 303 -
758 257 876 321 R'°.
962 265 1056 315 io.
1128 265 1158 333 /
1620 240 1728 335 81

146 356 403 406 Dienstag»
1380 338 1623 385 Quintidt.

105 439 126 466 4
146 427 310 463 Februar
328 448 339 463 ,
359 430 461 459 L§°°,
1200 418 1209 443 .
1270 417 1305 445 -5
1324 409 1522 448 Pluviöse,
1540 409 1617 446 Jahr
1632 406 1705 439 Vllt
1760 427 1764 431 ■

112 522 295 561 Freknkreich;
311 519 550 559 (Unterwerfung
559 516 665 553 einiger
676 512 940 550 Chouans-Chefs.)
954 527 989 535 —
1001 510 1189 547 Preussen.—
1202 507 1407 547 Deutschland;
1423 505 1598 543 Frankfurt,
1609 508 1708 543 Augs-

147 560 232 598 bürg.
244 574 282 582 —
292 558 420 596 Italien;
435 559 527 590 Rom,
542 552 659 586 Turin,
671 551 782 581 Genua.
796 565 832 572 —
842 548 1009 586 Helvctien;
1018 549 1109 579 Bern.
1119 560 1155 570 —
1166 544 1419 582 Großbritannien.

115 659 432 698 Frankreich.
472 657 603 694 Paris,
618 664 634 692 7
643 654 727 690 Pluv.
737 654 790 690 (17
801 654 888 692 Jan.)

74 702 144 733 Das
159 699 306 732 Tribunal
321 701 369 732 hat
390 697 454 734 nach
464 696 553 727 einem
562 691 752 731 zweimaligen
765 690 889 721 Scratin

73 739 184 774 Dupuy
207 736 359 774 (Mitglied
384 738 432 764 des
447 728 742 765 National-Institutö
756 728 766 762 )
786 733 819 764 zu
839 727 890 762 sei¬

75 782 142 805 nem
160 773 338 804 Candidaten
363 771 412 808 für
438 773 488 799 den
514 766 694 802 Erhaltunge
706 776 716 789 -
729 764 828 795 Senat
848 770 891 793 er¬

75 814 181 841 nannt.
221 809 273 845 Im
293 807 509 846 gesezgebcnden
537 804 612 836 Rath
633 800 729 835 erhielt
756 799 820 836 noch
833 799 891 829 nie¬

77 850 165 878 mand
177 846 219 877 die
230 845 356 882 absolute
368 841 527 877 Mehrheit;
548 839 619 873 wohl
634 837 701 867 aber
715 835 814 867 erblikt
825 843 891 866 man

78 888 166 914 unter
175 886 226 914 den
242 882 273 912 in
281 880 436 918 Vorschlag
446 876 608 914 gebrachten
623 876 735 905 Namen
751 872 792 902 die
808 872 892 909 Exdi-

78 919 208 951 rektorrn
219 918 350 952 Merlin,
371 914 537 948 Revcilliere
550 914 605 942 und
618 909 788 945 Treilhard,
809 911 890 943 dexen

80 958 166 994 erster
178 957 261 993 sogar
273 963 307 990 zi
319 954 466 986 Stimmen
477 952 563 986 hatte.

121 992 246 1024 General
260 989 424 1028 Hedouville
440 987 539 1018 meldet
547 988 603 1015 aus
611 985 739 1020 Angers,
761 981 814 1018 daß
825 979 891 1018 auch

82 1030 128 1060 die
138 1028 269 1066 Division
285 1025 477 1062 Chatillon
492 1026 543 1053 den
561 1020 676 1055 Frieden
690 1024 892 1056 angenommen

82 1068 151 1101 bat,
170 1063 298 1101 wodurch
312 1063 355 1093 die
361 1062 602 1096 Departements;
620 1057 800 1091 Mayenneu.
808 1054 893 1086 Loire,

84 1100 288 1135 Niederkoire,
306 1098 382 1134 nebst
395 1097 484 1127 einem
494 1092 578 1126 Theil
591 1089 900 1124 desDepart.Jleund.

83 1138 221 1171 Dilaine,
231 1135 332 1164 wieder
339 1136 423 1163 unter
433 1129 635 1165 dieGcsezeder
645 1123 784 1160 Republik
797 1123 895 1161 jurük-

82 1174 196 1207 uekehrt
207 1172 275 1208 sind.
289 1171 332 1201 Er
342 1171 484 1201 erwartet,
503 1164 556 1201 daß
567 1166 589 1198 P
597 1170 613 1193 r
620 1170 633 1192 e
639 1167 656 1192 v
664 1167 682 1190 a
688 1158 700 1192 t
707 1168 724 1191 a
731 1161 740 1191 i
749 1165 767 1191 6
780 1160 854 1197 (Ile
864 1168 894 1190 u.

84 1208 221 1243 Dilaine)
235 1207 293 1236 und
307 1206 512 1236 Bourmont
527 1199 657 1236 (Earthe
671 1198 894 1233 undMayenne)

58 1251 69 1259 -
84 1245 188 1282 diesem
196 1241 338 1278 Beispiele
348 1239 469 1277 nächster
492 1239 571 1274 Tage
591 1234 685 1272 folgen
702 1233 833 1267 würden,
852 1239 894 1262 wo

82 1282 175 1315 uievt,
195 1281 322 1315 sowerde
335 1284 403 1308 man
417 1276 450 1312 sie
460 1279 517 1304 aus
524 1273 597 1303 allen
608 1270 729 1305 Kräften
737 1269 893 1306 verfolgen;

85 1321 160 1350 Gen.
167 1318 270 1348 Brune
283 1314 322 1350 fei
335 1312 402 1350 nach
413 1314 526 1343 Nantes
531 1314 699 1346 gegangen,
713 1308 895 1342 umGeorges

83 1360 149 1384 »um
157 1352 313 1387 Gehorsam
323 1358 355 1388 zu
362 1349 531 1385 bringen.—
541 1342 814 1381 Privatnachrichten
821 1343 895 1378 sezen

84 1391 192 1427 hinzu,
212 1387 265 1422 daß
285 1386 327 1417 die
338 1385 546 1423 Abgeordneten
567 1385 614 1411 der
627 1381 782 1415 Chouanö,
802 1378 896 1415 welche

85 1428 133 1459 die
140 1423 291 1462 Neuigkeit
299 1430 353 1455 von
364 1425 412 1452 der
419 1419 636 1455 Unterwerfung
646 1420 693 1447 der
704 1417 817 1446 Vendee
830 1413 896 1453 »ach

86 1467 201 1501 Angers
211 1460 357 1497 brachten,
376 1457 481 1489 bereits
492 1456 533 1487 die
547 1454 632 1493 weiße
650 1451 777 1483 Kokarde
790 1452 843 1483 mit
849 1455 898 1482 der

86 1497 280 1536 breifärbigen
288 1496 445 1531 vertauscht
457 1495 562 1526 batten,
569 1493 624 1521 und
635 1491 663 1526 so
673 1489 713 1519 im
727 1489 846 1523 Theater
855 1495 896 1518 er¬

85 1537 210 1575 schienen
224 1556 235 1569 ,
253 1542 296 1565 wo
315 1536 367 1563 das
381 1530 525 1569 Orchester
537 1532 619 1558 unter
632 1524 815 1563 allgemeinen
828 1524 896 1556 Bei¬

87 1573 142 1611 fall
152 1572 196 1603 die
206 1571 273 1602 Arie
291 1569 387 1607 spielte
398 1571 408 1599 r
440 1571 463 1598 0
468 1572 484 1597 ü
501 1573 568 1604 xeut
586 1576 620 1593 on
639 1567 701 1592 dtre
716 1568 807 1592 mieux
821 1567 896 1600 qu’au

86 1616 147 1641 sein
166 1613 199 1638 de
210 1612 238 1637 sa
250 1612 405 1637 famille.—
425 1604 593 1641 Diejenigen
605 1600 713 1634 Chefs,
732 1598 828 1636 welche
846 1599 900 1634 auf

87 1651 137 1678 der
145 1643 393 1682 Emigrantentiste
400 1643 484 1680 stehn,
490 1643 599 1671 werden
609 1636 655 1675 sich
662 1637 786 1671 entfernt
793 1636 897 1670 halten,

85 1684 136 1716 bis
144 1690 199 1714 von
209 1680 297 1717 Paris
308 1681 351 1711 die
362 1676 578 1716 versprochenen
591 1678 653 1704 sauf
660 1676 783 1703 cunduits
803 1672 850 1708 für
866 1674 898 1706 sie

86 1718 288 1757 «»gekommen
305 1717 373 1756 sind.
415 1718 490 1747 Man
511 1712 627 1751 schreibt
637 1710 716 1745 ihren
726 1708 897 1748 schleunigen

88 1754 243 1794 Entschluß
256 1761 320 1792 zum
331 1754 446 1788 Frieden
452 1750 582 1790 gewissen
594 1746 748 1785 Depeschen
757 1745 813 1781 bei,
832 1748 897 1777 wel¬

87 1794 132 1832 che
143 1794 331 1828 Bonapartes
348 1792 513 1827 Adjudant,
528 1790 646 1820 Duroc,
660 1791 706 1815 am
719 1792 735 1821 7
747 1783 822 1819 Jan.
832 1784 897 1821 nach

86 1834 202 1867 Angers
209 1828 335 1865 brachte,
354 1830 412 1857 nnd
419 1825 534 1861 hierauf
540 1823 609 1861 nach
616 1822 705 1853 einem
718 1819 898 1858 zweitägigen

87 1865 257 1900 Aufenthalt
269 1858 335 1902 nach
347 1863 436 1900 Paris
443 1856 652 1901 zurükeilte.—
666 1855 737 1895 Auch
745 1864 778 1895 zu
786 1858 898 1887 Nantes

85 1903 176 1940 haben
188 1902 236 1939 sich
247 1902 320 1933 viele
330 1902 483 1936 Chouarsh
493 1899 555 1933 hefs
566 1896 762 1935 eingcfunden,
772 1893 899 1930 nachdem

88 1941 124 1978 sic
133 1939 333 1974 ihreTruppen
341 1937 533 1969 auseinander
544 1934 676 1973 gelassen.
697 1932 899 1967 D'Auticyamp

87 1977 140 2013 hat
149 1976 192 2006 die
202 1975 512 2012 infurgirkenTantons
526 1971 608 2008 durch
618 1970 677 2002 eine
688 1967 899 2003 Proklamation

90 2012 245 2047 ermahnt,
260 2018 310 2049 zur
328 2013 408 2045 Ruhe
430 2008 668 2048 zurükznke'ren:
693 2013 759 2036 man
781 2004 900 2035 bemerlt

90 2048 197 2082 darin,
215 2049 268 2083 daß
283 2056 312 2079 er
324 2051 373 2079 den
385 2047 606 2089 Eigentbümcrn
618 2044 788 2081 verspricht,
798 2042 898 2079 siesolt-

91 2091 139 2117 ten
156 2085 214 2115 ihre
228 2085 340 2116 Wauen
363 2085 401 2123 zu
422 2085 521 2119 ihrer
540 2081 755 2117 Dertheidig
767 2086 836 2116 ung
855 2078 896 2109 be¬

88 2123 241 2160 halten.—
253 2121 323 2158 Hier
334 2125 432 2154 wurde
441 2121 599 2160 vorgestern
613 2122 660 2150 der
669 2120 758 2154 Sohn,
769 2119 818 2148 des
827 2118 899 2147 Gra¬

931 654 978 690 fen
993 651 1158 689 Tcustaint,
1177 650 1293 689 welchen
1319 652 1365 680 der
1379 648 1602 684 Chouanö-Chef
1620 647 1741 682 Charles

929 696 983 721 von
1000 692 1046 719 der
1059 688 1187 725 Division
1197 690 1378 721 Bourmont,
1401 692 1450 716 um
1462 685 1576 720 Waffen
1593 681 1741 720 einzukau¬

931 719 994 762 fen,
1007 723 1074 761 nach
1088 725 1176 760 Paris
1188 723 1303 765 geschikt
1311 725 1402 758 hatte,
1414 722 1468 756 auf
1476 715 1650 757 Erkenntnis
1662 721 1741 749 eines

931 761 1158 800 Kriegsgerichts
1167 759 1292 797 füsillirt.
1329 759 1387 790 Bei
1397 757 1486 794 seiner
1494 756 1663 794 Arrctirung
1672 757 1741 791 f«nd

932 806 997 829 man
1013 797 1103 834 einige
1111 796 1229 834 Dolche,
1241 797 1284 826 ein
1293 795 1422 832 Kästchen
1430 794 1483 825 mit
1494 792 1663 835 königlichen
1672 794 1742 828 Pro¬

931 833 1122 867 klamationen
1137 836 1192 863 und
1205 825 1367 868 vieleweiße
1377 829 1521 862 Kokarden
1530 829 1574 859 be«
1584 829 1654 863 ihm.

968 873 1028 901 Der
1039 868 1185 910 Nachricht
1197 876 1252 900 von
1267 868 1449 903 Abberufung
1465 869 1514 896 des
1525 862 1742 903 spanifchenGö-

932 909 1047 943 sanhten
1059 905 1101 936 bei
1113 907 1211 942 unsrer
1219 903 1375 943 Republik,
1389 904 1484 935 Ritter
1501 902 1658 940 Muequiz,
1671 902 1742 932 wirb

933 943 1045 981 ofsiziell
1069 941 1301 979 widersprochen:
1328 944 1375 970 der
1391 939 1541 971 Moniteur
1566 939 1620 974 sezt
1641 939 1746 977 hinzu,

931 981 996 1017 noch
1004 978 1127 1009 niemals
1141 978 1208 1013 habe
1219 979 1296 1012 mehr
1305 976 1445 1014 Einigkeit
1452 976 1579 1013 zwischen
1588 973 1743 1006 beidenRe,

932 1016 1087 1053 gierungeu
1097 1014 1260 1055 geherrscht.
1289 1016 1361 1045 Gen.
1372 1014 1545 1044 Bermrdotte
1555 1011 1589 1048 ist
1598 1017 1661 1048 zum
1668 1009 1743 1043 Mit¬

931 1052 1005 1089 glied
1014 1053 1061 1080 der
1069 1049 1335 1082 Mllitair-Scktion
1348 1048 1600 1082 desStaatsrathe
1611 1049 1743 1078 ernannt.

931 1088 1030 1118 —Oie
1039 1086 1201 1128 Regierung
1222 1080 1273 1121 soll
1286 1085 1477 1119 mitmehrekn
1487 1083 1743 1122 GesezrSvorschlä-

932 1130 985 1160 gen
992 1128 1047 1154 von
1054 1116 1331 1164 großerWichtigkeit
1336 1115 1497 1159 beschäftigt
1503 1121 1584 1158 seyn:
1592 1120 1745 1156 besonders

933 1159 1034 1196 spricht
1044 1165 1112 1188 man
1128 1165 1184 1190 von
1194 1159 1330 1196 endlicher
1340 1157 1517 1198 Schliessung
1528 1160 1577 1188 der
1584 1157 1743 1195 Emigran¬

935 1192 1040 1231 tenliste
1059 1197 1117 1224 und
1130 1195 1325 1232 Bestimmung
1348 1194 1423 1225 einer
1433 1213 1437 1219 ^
1446 1188 1602 1231 einfacher»
1620 1193 1743 1228 Derfah-

934 1234 1075 1268 rungsart
1086 1231 1130 1261 bei
1144 1235 1193 1261 den
1204 1230 1391 1269 Löschungen,
1409 1237 1464 1262 von
1474 1229 1656 1261 veränderter
1667 1231 1743 1261 Dev-

936 1267 1060 1304 theilung
1072 1269 1120 1298 der
1130 1264 1273 1304 Geschäfte
1284 1272 1366 1298 unter
1380 1266 1423 1298 die
1432 1266 1575 1303 Minister,
1589 1268 1743 1297 vvnRedu-

934 1304 1034 1342 zirung
1060 1306 1108 1334 der
1131 1302 1564 1341 DcpartementSverwaltungen
1586 1303 1643 1338 auf
1662 1303 1747 1333 einem

936 1339 1112 1377 Statthalter
1124 1344 1179 1371 und
1187 1341 1247 1372 vier
1262 1338 1439 1375 Adjunkten,
1469 1347 1499 1369 u.
1511 1338 1569 1371 dal.
1589 1339 1744 1377 Vorläufig

936 1377 967 1415 ist
979 1376 1060 1412 durch
1081 1378 1160 1409 einen
1179 1376 1388 1414 ausführlichen
1402 1374 1538 1413 Beschluß
1551 1379 1598 1407 der
1617 1375 1744 1412 Consuln

935 1419 1000 1445 vom
1013 1422 1046 1447 19
1054 1415 1128 1451 Jan.
1142 1417 1190 1445 der
1198 1413 1387 1451 Verwaltung
1399 1416 1447 1444 des
1461 1411 1636 1450 öffentlichen
1649 1410 1743 1450 Scha-

935 1455 981 1488 zes
993 1450 1051 1482 eine
1064 1457 1135 1489 ganz
1145 1458 1214 1482 neue
1226 1449 1435 1488 Organisation
1449 1448 1587 1487 gegeben,
1613 1451 1668 1479 und
1687 1448 1743 1479 die¬

935 1484 1006 1524 selbe
1021 1488 1109 1519 einem
1122 1489 1294 1522 Gtaatörath
1307 1490 1389 1519 unter
1401 1480 1549 1517 Direktion
1561 1488 1611 1516 des
1622 1486 1742 1524 Finanz¬

935 1523 1078 1560 ministers
1087 1527 1301 1565 untergeordnet
1312 1526 1437 1553 worden.
1475 1522 1546 1560 Auch
1554 1521 1604 1557 soll
1610 1522 1650 1553 im
1663 1523 1740 1553 Dor-

936 1560 1127 1601 schlageseyn,
1136 1560 1180 1591 bei
1190 1564 1250 1591 dem
1258 1558 1394 1594 Minister
1403 1559 1574 1595 desJnnern
1588 1559 1635 1589 ein
1642 1558 1743 1594 beson¬

938 1600 1001 1627 ders
1019 1598 1139 1629 Büreau
1151 1604 1184 1635 zu
1201 1597 1350 1635 errichten,
1370 1594 1495 1633 welchem
1516 1597 1591 1630 jeder
1603 1594 1720 1633 Bürger
1727 1615 1743 1630 ,

938 1641 984 1664 m
992 1633 1113 1672 nüzliche
1128 1633 1295 1677 Vorschläge
1310 1639 1342 1670 zu
1353 1632 1463 1669 machen
1477 1632 1561 1667 habe,
1592 1631 1667 1667 feine
1683 1632 1740 1662 Ge¬

937 1669 1040 1702 danken
1053 1670 1206 1705 mittheilen
1217 1670 1315 1703 könne.
1353 1670 1520 1705 Bonaparte
1537 1667 1657 1699 arbeitet
1671 1666 1739 1705 nach

937 1707 1137 1746 Versicherung
1151 1707 1295 1740 Röderers
1307 1704 1409 1743 täglich
1424 1710 1457 1738 »8
1471 1706 1629 1737 Stunden;
1660 1703 1741 1742 selbst

937 1744 979 1775 bet
995 1745 1085 1775 einem
1096 1745 1238 1783 eleganten
1258 1743 1348 1786 Feste,
1366 1740 1481 1779 welches
1494 1747 1547 1772 vor
1556 1740 1666 1779 einigen
1681 1741 1740 1773 Ta¬

936 1789 988 1819 gen
998 1781 1097 1818 Luzian
1104 1783 1270 1818 Bonaparte
1279 1779 1367 1816 feiner
1376 1779 1441 1809 eben
1448 1786 1485 1808 an
1493 1779 1741 1810 Gen.Muratver-

937 1818 1103 1853 heiratheten
1116 1818 1269 1856 Schwester
1278 1816 1354 1855 gab,
1371 1814 1490 1853 erschien
1499 1817 1546 1845 der
1554 1814 1620 1852 erste
1635 1812 1742 1849 Consul

938 1855 990 1885 mit
1000 1854 1094 1890 feinen
1102 1855 1196 1885 beiden
1203 1854 1334 1892 Collegen
1348 1859 1403 1882 nur
1413 1851 1466 1889 erst
1476 1855 1527 1881 des
1539 1851 1682 1893 Morgens
1691 1857 1740 1881 um

938 1901 954 1918 2
964 1891 1021 1926 uhr
1031 1892 1083 1926 auf
1095 1892 1184 1928 einige
1198 1891 1344 1921 Minuten.
1382 1890 1458 1919 Sen.
1466 1890 1572 1919 Lasnes
1583 1885 1757 1925 wrrdnäch-'

938 1930 1010 1966 stens
1020 1928 1078 1959 eine
1090 1931 1174 1966 junge
1186 1927 1338 1969 Schwester
1348 1928 1397 1956 des
1405 1927 1478 1956 Gen.
1492 1924 1612 1958 keclerc,
1623 1923 1741 1961 Schwa¬

936 1969 1004 2003 gers
1017 1966 1072 1996 von
1084 1963 1410 2001 Bonapartcheirathen.
1422 1976 1459 1986 —
1469 1961 1523 1993 Die
1532 1959 1614 2004 durch
1623 1963 1676 1990 das
1686 1962 1740 1991 Ar-

938 2007 995 2033 ret<-
1010 2008 1075 2033 vom
1090 2011 1106 2039 7
1129 2002 1199 2034 Niv.
1220 2004 1269 2035 den
1288 1999 1506 2035 Gemeinden.zu
1520 1995 1678 2035 Ausübung
1690 1995 1746 2027 deS

938 2038 1116 2076 katholischen
1126 2037 1330 2075 Gottesdienstö
1344 2033 1549 2076 zurükgegebne.
1555 2033 1672 2071 Kirchen
1686 2032 1740 2069 sol¬

938 2083 999 2112 len,
1022 2077 1049 2113 so
1063 2076 1127 2107 weit
1141 2076 1171 2114 sie
1186 2076 1287 2110 vorher
1299 2080 1332 2112 zu
1345 2078 1395 2104 den
1406 2066 1595 2109 bürgerlichen
1609 2070 1742 2101 Ceremo-

937 2114 1002 2146 nie»
1020 2116 1070 2145 ree
1090 2115 1202 2147 Deeadr
1209 2112 1319 2145 bienten
1328 2116 1347 2148 ;/
1367 2109 1433 2149 auch
1451 2105 1598 2147 fernerhin'
1606 2105 1745 2139 nebenbei
