3915 5551
133 135 217 193 M
237 129 327 189 73
365 125 615 191 Drittes
651 123 1045 187 Abendblatt.

1447 121 1527 195 Der
1561 117 1719 193 Mn
1753 117 1913 191 Mo,
1957 119 2045 181 13L
2073 115 2293 191 fdrgimg.

2717 119 3009 195 Montag,
3039 123 3147 181 14.
3169 121 3363 199 März
3393 127 3581 193 1910.

124 268 932 676 Neue
1036 244 2276 740 Zürcher
2372 252 3596 756 Zeitung

669 754 784 770 »imnMftf*
812 751 925 770 ncmnnft»#
945 748 1072 770 1LMonat«
2976 765 2996 770 —

202 748 612 785 «bonnementSpretse.
945 748 1073 775 irM°n»w

129 795 220 823 Zürich
237 800 296 817 W.NN
309 795 341 815 »I«
355 793 446 819 S-UUNL
459 791 552 817 Lbg-fc»u
564 788 619 811 wir»
639 803 646 812 .
674 787 711 815 gr.
724 788 780 809 fc.ro
846 786 878 808 1V.
890 795 913 801 -
978 785 1005 806 ra
1020 791 1047 798 -

166 823 200 844 d°.
239 821 278 844 in»
291 820 355 846 »°°«
369 818 464 846 g-I>r»»>
539 815 738 841 .•
752 814 779 835 »
846 813 872 834 »
889 821 912 828 -
978 812 1048 832 **•-

131 847 245 874 6diwel|
266 838 383 871 »fltnunj
395 843 446 865 htm
459 841 586 868 *o»butMm
604 856 611 863 .
640 855 648 864 .
686 855 697 868 ,
723 841 780 863 «.«
846 838 914 860 X*.M
977 838 1048 859 *».—

187 875 219 895 bo.
267 873 305 894 mit
401 871 462 891 unter
473 867 622 892 Prtv-t-brkg«
639 882 646 889 .
686 883 697 893 .
724 868 744 889 S.
755 877 778 883 -
847 865 879 887 15.
889 874 913 881 -
979 864 1048 886 »>.—

132 898 249 924 Deuts»!
258 900 309 920 anb
331 897 448 923 «epellung
467 895 520 916 beim
533 894 626 921 Postamt
641 909 647 916 .
659 890 703 915 Mi.
724 894 743 915 «.
754 903 778 909 -

133 924 168 947 Oe
178 924 289 949 sterreich

640 935 648 943 .
658 920 697 942 Nr.
711 920 743 942 ».
752 920 777 941 tfl

451 962 486 970 ...
725 947 781 968 8.10
847 945 915 967 15.50
979 943 1012 965 SO.
1021 941 1048 963 85

133 977 264 1002 RutztLNb
449 974 482 996 fco.
641 988 648 997 .
660 973 712 995 Rbl.
726 974 780 994 S.VS
859 973 878 993 v.
891 972 914 992 12
980 969 1048 991 12.24

134 1003 220 1030 Uebr>ge
230 1003 319 1024 Ttaalen
331 1002 368 1024 bei
381 1000 620 1026 Meltpostuereln»
641 1016 647 1022 .
660 1000 699 1027 yr.
713 1000 744 1021 12.
754 1000 781 1020 50
846 996 914 1020 24.-
980 996 1008 1018 48
1009 1011 1013 1017 .
1023 1003 1049 1010 —

140 1074 325 1076 _
325 1033 629 1069 HtedaütIons0»rcau:
646 1029 827 1066 Falkenstraße
840 1031 882 1058 11.

1210 818 1350 946 Mil
1414 810 1942 978 stzllchkilschkS
2002 810 2518 974 WklsM.

2974 765 3337 803 Jnfertionspretfer

2862 809 3033 838 Per,!»i,»Itiv
3041 811 3143 837 Detti,-«-
3151 815 3197 835 ober
3206 815 3262 835 bere,
3272 814 3343 836 Nonrn
3356 813 3382 835 25

2863 841 2900 867 ftt
2917 842 3026 870 «vt,»
3043 843 3203 869 aallftnfctl»»
3222 845 3346 871 Urfpr-M«
3359 845 3385 866 «a
3397 845 3432 871 a»

2987 874 3100 896 Utflamm
3111 875 3144 902 {ft
3159 877 3206 898 L—
3213 880 3248 901 per
3256 875 3324 902 Leite.

2962 915 3072 940 «»einige
3086 914 3356 940 JnKrntkll.Nnnehm»:

2840 964 2892 971 —
2892 967 2910 971 -■
3010 950 3161 979 Itndolf
3175 952 3301 981 Jlosse
3320 968 3330 971 -
3408 967 3457 973 —

2721 983 2961 1014 «nn»nkeil.»iprfc>t>on
2975 987 3010 1010 (Et
3023 987 3060 1007 olle
3074 986 3229 1014 schwel,er,!che»
3243 990 3285 1011 unb
3299 989 3449 1015 auNLnbischen
3461 990 3580 1019 Ziitmige»

2931 1020 2944 1041 5
2957 1017 3083 1044 rbeaierstr.
3100 1016 3196 1051 Zürich
3214 1019 3329 1046 »oethestr.
3343 1022 3369 1044 10

315 1145 372 1196 Die
392 1145 514 1197 Kklgier
528 1145 599 1188 über
619 1144 787 1194 |0n!rrloo.

339 1220 402 1249 Von
418 1219 754 1250 KarlBleibtreu.

188 1292 321 1326 Nachdem
352 1291 457 1320 bereits
488 1291 552 1320 Van
567 1291 645 1320 Neck»
661 1287 973 1321 „WLterlonIIIostrL"

137 1334 186 1370 für
210 1332 391 1368 Einführung
415 1332 462 1361 der
487 1331 662 1367 Wehrpflicht
685 1330 716 1358 in
740 1329 858 1363 Belgien
883 1327 976 1356 Stirn-

139 1381 224 1409 mutig
240 1381 273 1409 zu
290 1372 399 1405 machen
415 1372 508 1407 suchte,
524 1371 677 1405 behandeln
692 1370 750 1405 jetzt
767 1369 833 1404 zwei
851 1367 978 1403 belgische

141 1413 282 1445 Militärs.
303 1412 429 1441 General
450 1412 481 1440 de
504 1410 694 1445 Wommerson
733 1409 790 1438 und
829 1408 928 1442 Oberst
946 1407 978 1436 de

141 1455 210 1486 Bas.
230 1454 282 1482 den
305 1452 443 1488 »Feldzug
463 1456 516 1480 von
539 1450 621 1478 1815"
646 1449 777 1485 (Brüssel,
796 1448 903 1483 Dewit)
926 1447 979 1476 mit

140 1494 201 1524 dem
222 1493 315 1530 Zweck,
354 1492 477 1527 britische
498 1489 708 1524 Verleumdung
729 1488 798 1518 über
819 1488 978 1523 AuSreißen

140 1535 188 1564 der
207 1535 321 1568 Belgier
341 1540 376 1568 zu
397 1531 561 1567 entkräften.
600 1529 673 1559 Man
694 1529 786 1564 wußte
807 1528 867 1557 die»
905 1527 979 1564 schon

140 1575 191 1610 seit
208 1574 259 1604 den
276 1573 401 1604 Studien
419 1572 467 1601 de»
484 1571 615 1605 Belgier»
633 1570 733 1604 Navez,
750 1569 817 1598 aber
834 1568 891 1604 jetzt
909 1568 979 1597 wird

141 1616 192 1644 das
212 1614 286 1644 Kind
307 1614 360 1642 mit
380 1613 441 1642 dem
462 1611 538 1641 Bade
559 1610 767 1645 auSgeschüttet.
787 1609 859 1644 Jede
880 1608 978 1638 Ueber-

141 1655 271 1690 lrcibung
289 1654 360 1689 zieht
379 1653 423 1688 ihr
441 1651 589 1687 Gegenteil
607 1650 671 1685 nach
689 1650 744 1686 sich,
780 1648 837 1678 und
856 1652 887 1678 eS
905 1649 980 1678 wäre

142 1696 211 1731 nicht
226 1694 407 1731 zweckmäßig,
423 1693 475 1722 den
493 1691 681 1727 kriegerischen
699 1691 777 1720 Wert
793 1690 841 1719 der
857 1689 980 1724 Belgier,

140 1736 224 1765 deren
238 1736 283 1764 27.
296 1734 430 1765 Reitende
447 1732 536 1768 Jäger
551 1731 608 1761 und
625 1730 684 1760 112.
699 1730 785 1766 Ligne
801 1730 847 1765 sich
863 1728 979 1763 wirklich

142 1775 275 1812 mehrfach
321 1776 406 1803 unter
435 1773 594 1808 Napoleon»
623 1771 728 1800 Adlern
775 1769 979 1805 ausgezeichnet

142 1816 247 1850 hatten,
273 1817 326 1844 wie
352 1814 415 1849 auch
442 1813 485 1842 die
512 1811 711 1847 mobilisierten
738 1810 979 1845 Natioualgarden

143 1856 191 1884 des
212 1854 532 1890 Scheldedepartement»
553 1852 622 1880 1813
660 1852 700 1881 im
738 1851 831 1885 Korps
853 1850 980 1880 Oudinot

143 1902 164 1923 tt
173 1895 201 1923 ib
220 1896 264 1924 die
283 1894 479 1929 holländischen
500 1892 680 1927 Regimenter
701 1892 731 1920 in
752 1890 896 1926 Rußland,
916 1890 980 1924 nach

144 1933 218 1968 ihrer
238 1934 445 1970 fragwürdigen
466 1933 594 1968 Leistung
614 1932 682 1960 1815
701 1939 735 1967 zu
755 1931 896 1966 bemessen.
932 1930 980 1959 Da

144 1975 211 2009 muß
229 1982 295 2002 man
314 1974 398 2009 ihnen
417 1974 601 2008 Heldentaten
620 1971 744 2008 förmlich
763 1971 903 2005 andichten
923 1970 980 1999 und

144 2013 252 2049 vergißt
274 2013 347 2042 beim
369 2014 477 2048 Klagen
500 2013 568 2042 über
590 2012 732 2047 britischen
774 2010 981 2046 Größenwahn,

144 2053 198 2088 daß
218 2053 278 2082 eine
297 2054 411 2088 größere
430 2053 536 2082 Nation
555 2052 610 2081 viel
629 2052 706 2086 mehr
725 2052 805 2086 Liecht
841 2051 898 2086 hat,
936 2051 981 2086 sich

145 2093 287 2128 britischen
309 2093 439 2122 Undanks
462 2093 518 2122 und
540 2092 688 2127 Hochmut»
710 2099 745 2126 zu
766 2091 914 2120 erinnern:
938 2090 981 2119 die

146 2133 272 2168 deutsche.
289 2132 338 2161 Da
355 2132 463 2168 doppelt
483 2133 510 2168 so
528 2133 583 2162 viel
601 2131 732 2167 Deutsche
751 2132 797 2160 al»
816 2131 919 2160 Briten
937 2130 981 2159 bei

147 2173 287 2202 Waterloo
309 2173 410 2209 fochten
449 2173 504 2202 und
525 2173 573 2202 der
592 2172 665 2207 Sieg
686 2171 776 2206 einzig
798 2171 892 2205 ihnen,
929 2170 981 2199 den

146 2213 278 2249 Preußen
303 2212 429 2247 nämlich,
454 2213 572 2247 gehörte,
598 2212 784 2246 Wellington»
810 2210 982 2245 Widerstand

146 2253 212 2282 aber
232 2252 417 2288 größtenteils
437 2253 487 2288 auf
509 2252 552 2287 ihr
573 2252 663 2281 Konto
684 2251 792 2283 kommt,
831 2251 859 2286 so
880 2249 982 2285 spielen

145 2293 189 2323 die
210 2292 412 2322 Niederländer
434 2292 486 2321 mit
508 2292 586 2326 ihren
609 2291 781 2327 angeblichen
803 2290 982 2325 Verdiensten

145 2333 225 2363 dabei
239 2340 296 2362 nur
310 2332 372 2362 eine
387 2332 500 2367 geringe
515 2332 601 2361 Nolle.
616 2332 683 2361 Nun
698 2331 756 2366 gibt
773 2334 803 2360 es
820 2330 886 2359 aber
900 2330 982 2359 einen

147 2373 325 2408 zwingenden
341 2372 461 2404 Beweis,
478 2372 531 2407 daß
548 2374 579 2400 eS
596 2372 648 2400 mit
666 2371 741 2406 ihrer
757 2371 889 2400 Bravour
905 2369 983 2399 wirk¬

148 2415 196 2448 lich
214 2413 284 2448 nicht
302 2413 367 2442 weit
385 2412 433 2447 her
452 2417 521 2441 war.
539 2411 595 2440 Die
613 2411 722 2446 heutige
740 2411 897 2445 niedrigere
915 2410 983 2440 Ver-

149 2453 261 2489 lustlistc
282 2452 322 2482 im
343 2452 483 2487 Vergleich
504 2459 555 2487 zur
576 2451 692 2488 frühern
714 2450 900 2480 unmittelbar
921 2450 985 2484 nach

148 2493 199 2523 den
222 2493 379 2528 Schlachten
400 2491 473 2527 lehrt
492 2491 619 2525 nämlich,
639 2491 693 2526 daß
713 2491 757 2520 die
779 2489 987 2526 „Vermißten",

146 2534 239 2569 tvclche
253 2534 356 2568 letztere
369 2533 396 2568 so
410 2531 469 2568 sehr
482 2531 654 2567 anschwellen
669 2531 769 2566 ließen,
782 2530 873 2566 später
886 2529 986 2560 wieder

148 2573 249 2610 gesund
269 2573 316 2609 sich
335 2572 497 2608 einstellten,
516 2572 542 2600 d.
561 2571 587 2606 h.
607 2571 687 2606 bloße
707 2571 862 2607 Ausreißer
882 2575 985 2600 waren.

149 2614 192 2643 So
210 2613 308 2643 wollen
329 2614 355 2641 5.
376 2611 552 2647 holländische
573 2611 702 2647 Husaren
725 2611 787 2640 laut
808 2610 985 2645 Regiments-

149 2653 283 2690 geschichtc
300 2660 348 2682 am
366 2653 407 2680 16.
425 2660 481 2682 nur
498 2652 515 2679 5
531 2651 670 2688 Offiziere
689 2650 745 2680 und
762 2651 797 2678 13
815 2650 908 2679 Mann
926 2655 985 2679 ver¬

150 2694 228 2723 loren
241 2692 340 2728 haben,
356 2691 486 2727 während
503 2691 546 2721 die
563 2690 675 2727 frühere
690 2690 761 2726 Liste
778 2690 861 2725 ihnen
878 2690 926 2727 für
945 2690 987 2718 16.

149 2733 205 2763 und
224 2734 266 2762 18.
284 2733 352 2762 volle
370 2732 422 2761 240
440 2731 594 2767 znschreibt,
612 2735 708 2760 wovon
727 2730 771 2760 die
789 2731 873 2766 große
892 2730 986 2765 Mehr¬

149 2773 211 2806 zahl
230 2772 416 2807 „Vermißte".
433 2771 528 2806 Selbst
543 2771 616 2800 beim
634 2771 719 2801 allein
737 2775 791 2800 von
809 2770 934 2800 Siborne
944 2777 987 2804 ge¬

151 2812 242 2840 lobten
258 2811 315 2840 und
331 2811 374 2840 bei
391 2811 573 2841 Ouatrebra»
588 2810 705 2844 wirklich
722 2810 825 2840 braven
842 2811 867 2838 5.
883 2810 987 2844 hollän¬

152 2851 252 2886 dischen
272 2849 494 2886 Milizbataillon
514 2850 566 2884 gab
604 2852 634 2878 c»
655 2850 705 2885 auf
725 2850 742 2877 7
761 2849 900 2885 Offiziere
937 2850 988 2877 203

151 2891 243 2920 Mann
264 2890 376 2925 Verlust
422 2889 615 2925 hauptsächlich
637 2889 791 2924 Vermißte.
831 2889 900 2923 Nach
923 2889 986 2917 Van

150 2931 254 2960 Loebcn
267 2931 394 2960 verloren
409 2929 452 2959 die
465 2928 667 2958 Niederländer
682 2928 761 2964 (3180
776 2928 818 2957 bei
833 2928 984 2962 Waterloo)

152 2970 203 2997 010
221 2970 262 2999 bei
286 2970 476 2999 OuatrebraS.
498 2969 569 3004 Doch
592 2969 635 2998 die
657 2968 766 3003 heutige
789 2975 895 3003 genaue
918 2967 988 3002 Liste

152 3009 239 3044 ergibt
252 3018 308 3039 nur
321 3011 380 3042 667,
394 3015 489 3039 loovon
503 3016 558 3038 nur
572 3009 605 3037 66
618 3009 696 3040 Tote,
710 3008 773 3043 auch
786 3007 847 3043 hier
860 3007 923 3042 noch
932 3007 986 3037 viel

151 3050 303 3085 Vermißte.
316 3049 373 3078 Die
386 3050 534 3085 Differenz
547 3048 646 3083 beruht
660 3049 718 3084 also
732 3049 783 3084 auf
797 3047 985 3083 AuSreißernl

152 3089 263 3124 Danach
301 3089 371 3118 wird
393 3098 459 3118 man
482 3089 551 3124 wohl
573 3088 717 3125 schwerlich
755 3093 808 3117 von
829 3088 987 3123 heroischem

153 3129 324 3164 Widerstand
342 3129 435 3165 fabeln
452 3129 565 3160 können,
580 3128 675 3163 zumal
691 3128 734 3158 die
750 3128 863 3162 Belgier
880 3127 988 3163 sogleich

152 3172 168 3198 6
187 3169 322 3205 Geschütze
342 3169 380 3198 im
400 3169 477 3204 Stich
496 3169 587 3204 ließen
607 3168 663 3197 und
681 3173 730 3197 vor
748 3168 808 3197 dem
828 3168 913 3202 ersten
932 3167 989 3196 An¬

154 3211 215 3246 lauf
230 3210 304 3244 Neys
318 3209 364 3238 bis
379 3210 409 3238 in
424 3209 474 3238 den
490 3207 648 3244 Bossuwald
663 3208 765 3244 flohen.
780 3207 851 3243 Ihre
867 3207 990 3237 Reiterei

152 3249 246 3280 wurde
264 3250 350 3285 sofort
367 3254 420 3279 von
438 3249 525 3283 Pircs
543 3249 568 3277 6.
587 3248 735 3283 Chasseur»
752 3247 918 3276 überritten.
936 3246 991 3276 Die

154 3289 367 3326 glcichziffrigen
391 3290 416 3318 6.
440 3288 594 3324 Belgischen
618 3288 701 3324 rissen
725 3287 830 3324 freilich
854 3287 923 3321 nicht
947 3287 991 3315 bis

154 3330 262 3366 Brüssel
285 3333 348 3361 aus,
371 3329 423 3359 wie
446 3329 489 3358 die
511 3329 613 3358 Briten
636 3328 822 3360 verleumden,
845 3326 992 3362 jedenfalls

155 3369 244 3405 ließen
262 3370 297 3406 sie
315 3370 361 3405 sich
379 3370 445 3399 aber
462 3369 531 3404 nicht
550 3368 650 3398 wieder
686 3368 726 3397 im
744 3368 862 3403 Kampfe
897 3367 992 3396 blicken

154 3410 210 3439 und
225 3410 385 3445 belästigten
402 3409 445 3439 die
461 3417 521 3438 nun
539 3408 684 3445 folgenden
701 3408 823 3437 Attacken
841 3415 925 3443 gegen
941 3407 993 3436 das

155 3450 313 3486 Schottische
331 3450 453 3486 Fußvolk
471 3450 501 3479 in
519 3449 608 3479 keiner
627 3449 723 3485 Weise.
740 3449 803 3477 Nur
819 3448 864 3478 die
880 3448 993 3477 Brann-

156 3490 292 3526 schwciger
313 3490 417 3525 hielten
439 3490 490 3519 den
513 3489 601 3525 Feind
624 3490 674 3526 auf
714 3489 770 3517 und
793 3489 912 3518 retteten
950 3487 994 3517 die

155 3529 280 3566 Division
298 3530 468 3566 Perponchcr
485 3534 534 3559 vor
551 3529 665 3564 völliger
683 3528 857 3563 Niederlage.

207 3570 359 3605 UebrigenS
385 3570 499 3607 dürften
525 3570 588 3604 auch
614 3569 656 3599 die
682 3570 903 3604 Hannoveraner
930 3568 994 3598 weit

156 3610 231 3645 mehr
253 3611 296 3640 bei
320 3611 500 3646 endgiltigem
524 3610 688 3646 Abschlagen
712 3610 787 3644 NeyS
829 3608 994 3644 mitgewirkt

156 3650 250 3684 haben,
263 3652 309 3679 als
323 3651 366 3680 die
379 3651 524 3685 verlogene
537 3650 686 3684 Prahlerei
700 3650 748 3679 der
762 3648 995 3685 britischenHisto-

157 3689 218 3719 rien
238 3690 327 3726 ahnen
349 3691 419 3726 läßt.
456 3691 513 3726 Ihr
533 3689 678 3720 Bataillon
699 3690 808 3719 Verden
830 3690 913 3725 sollen
951 3689 995 3718 die

156 3729 297 3763 LancierS,
317 3732 443 3766 nachdem
465 3732 500 3766 sie
521 3732 587 3767 zwei
609 3730 892 3764 Schottenbataillone
915 3729 995 3765 größ¬

158 3770 270 3799 tenteils
294 3771 520 3806 niedcrmachten,
546 3771 682 3806 „gänzlich
705 3770 867 3804 vernichtet"
892 3770 993 3805 haben:

157 3816 213 3839 nur
230 3810 325 3846 schade,
343 3812 397 3847 daß
418 3811 557 3843 „Verden"
578 3811 690 3846 nachher
707 3811 750 3839 bei
770 3810 912 3840 Waterloo
932 3810 995 3839 wie¬

159 3848 253 3879 derum
270 3850 322 3880 da»
339 3852 436 3886 gleiche
455 3852 526 3881 Loo»
543 3851 623 3880 erlitt
642 3851 698 3880 und
717 3851 760 3880 die
778 3850 909 3887 offizielle
926 3850 995 3880 Ver-

160 3888 291 3926 lustzisfer
310 3892 362 3920 860
381 3892 602 3927 Hannoveraner
622 3891 702 3927 solche
723 3890 852 3926 Einbuße
889 3898 935 3919 am
955 3891 996 3918 16.

159 3928 227 3963 nicht
243 3930 352 3966 zuläßtl
372 3932 489 3967 Freilich
506 3932 599 3967 dürfte
617 3932 660 3961 die
677 3931 769 3968 Ziffer
786 3930 912 3967 gefälscht
930 3930 997 3966 sein,

160 3968 210 3997 Ivie
232 3970 283 4005 fast
305 3971 357 4001 alle
380 3972 523 4008 britischen
546 3972 659 4008 Ziffern
682 3971 729 4001 der
753 3971 997 4007 Wellingtonschen

160 4007 302 4045 Feldzüge,
325 4012 381 4041 und
404 4012 456 4042 wie
479 4013 527 4049 für
547 4012 628 4047 heute
651 4020 707 4041 nur
728 4012 762 4039 27
784 4011 923 4048 Offiziere
946 4011 998 4039 200

160 4047 258 4078 Briten
276 4051 322 4079 al»
340 4053 380 4082 tot
399 4053 564 4087 angegeben,
581 4052 711 4087 während
731 4052 774 4087 ihr
792 4052 834 4080 60.
852 4051 996 4081 Bataillon

161 4086 243 4117 allein
264 4090 330 4119 „150
349 4091 418 4121 Tote
438 4093 541 4123 binnen
562 4092 621 4122 drei
643 4092 794 4122 Minuten"
816 4092 917 4124 verlor,
937 4094 997 4121 wa»

162 4124 367 4164 Fcldmarschall
386 4132 470 4162 Wood
490 4133 521 4163 in
539 4133 629 4169 seiner
648 4132 754 4162 Studie
775 4132 947 4164 „Kavallerie
958 4132 997 4160 im

164 4164 426 4205 Waterloofcldzug"
449 4173 515 4203 naiv
537 4173 679 4209 zugesteht.
702 4173 861 4209 Jedenfalls
883 4172 998 4202 wurden

164 4202 229 4233 ober
242 4204 285 4235 die
300 4207 432 4239 LancierS
449 4218 516 4243 „von
533 4213 639 4243 andern
655 4213 837 4242 Bataillonen
854 4213 996 4247 umringt"

164 4242 220 4271 und
236 4242 283 4273 der
299 4246 370 4282 Lage
386 4251 449 4285 nach
468 4253 572 4283 können
590 4254 650 4283 dies
667 4261 723 4283 nur
741 4252 944 4288 Hannoversche
954 4260 998 4287 ge¬

163 4282 250 4317 wesen
273 4284 339 4319 sein.
378 4288 466 4319 Wenn
489 4293 685 4323 KellernlannS
709 4294 834 4329 Rapport
856 4293 908 4322 da»
931 4292 998 4322 kalt-

162 4322 269 4358 blutige
283 4323 416 4361 Schießen
430 4329 477 4359 der
491 4332 592 4363 Briten
607 4334 711 4368 rühmt,
726 4334 770 4363 die
785 4333 833 4368 ihn
848 4338 902 4363 von
918 4333 998 4363 Oua-

164 4362 273 4391 IrcbraS
289 4364 528 4403 zurückgetriebcn,
544 4373 572 4408 so
588 4374 700 4409 standen
717 4373 779 4403 dort
796 4373 853 4403 und
871 4373 909 4403 im
928 4373 999 4408 Zen¬

163 4404 239 4432 trum
255 4411 311 4432 nur
326 4404 544 4440 Hannoveraner
561 4414 617 4443 und
634 4414 885 4450 Braunschweiger,
902 4414 929 4450 so
945 4413 999 4449 daß

163 4443 226 4478 auch
242 4443 289 4473 der
306 4445 372 4479 lang
389 4446 553 4480 anhaltende
570 4452 828 4491 Jnfanteriekampf
846 4454 920 4490 Foh»
938 4454 999 4483 dort

163 4491 246 4519 gegen
268 4484 399 4520 Deutsche
422 4486 562 4524 stattfand.
585 4492 632 4522 der
655 4495 786 4531 schwerste
809 4494 858 4524 de»
898 4493 1000 4529 TageS.

214 4524 261 4553 Da
280 4524 331 4553 das
350 4525 421 4560 Buch
441 4526 488 4556 der
507 4528 652 4566 belgischen
672 4534 807 4565 Militärs
827 4535 866 4564 im
887 4534 999 4571 wefent-

164 4564 246 4599 lichen
263 4565 349 4600 nichts
367 4566 459 4596 Neues
476 4567 579 4604 bringt,
595 4571 632 4606 fei
649 4573 708 4609 hier
726 4576 772 4605 als
790 4575 930 4610 Ergebnis
948 4583 1000 4604 un-

163 4604 235 4639 screr
254 4606 368 4640 eigenen
389 4606 541 4642 Forschung
561 4617 616 4639 nur
635 4614 769 4649 erwähnt,
806 4615 860 4651 daß
897 4614 1000 4644 Keller-

162 4649 265 4675 niannS
280 4646 383 4676 Attacke
398 4652 449 4676 von
465 4647 589 4679 Siborne
604 4650 734 4689 fälschlich
749 4656 800 4691 auf
815 4656 831 4683 5
846 4655 903 4690 Uhr
918 4662 1000 4689 ange-

162 4686 219 4721 seht
236 4686 340 4719 wurde,
358 4695 406 4717 um
426 4688 593 4723 Wellington
612 4690 685 4726 schon
704 4694 761 4730 jetzt
779 4696 826 4724 al»
847 4694 999 4731 „siegreich"

162 4726 346 4762 auSzugeben.
366 4727 420 4764 daß
440 4727 505 4758 aber
525 4729 577 4764 erst
597 4738 645 4759 um
665 4733 681 4760 7
700 4733 758 4769 Uhr
777 4735 822 4766 die
841 4734 1001 4771 Kürassiere

162 4765 262 4801 flohen,
279 4770 340 4797 waS
357 4768 399 4798 bei
418 4767 505 4804 ihrem
541 4769 671 4805 schweren
687 4771 799 4810 Verlust
835 4775 897 4811 (353
914 4775 1001 4810 Köpfe

162 4805 223 4835 laut
245 4807 412 4844 Historique)
436 4809 505 4844 nicht
527 4818 561 4845 zu
582 4812 765 4843 verwundern
788 4815 834 4850 ist;
873 4815 927 4850 daß
967 4814 1002 4850 sie

161 4844 327 4883 keineswegs
347 4848 496 4886 Chasseurs
515 4850 571 4880 und
589 4850 723 4882 Lancier«
742 4854 772 4883 in
791 4855 888 4890 gleiche
907 4854 1001 4890 Flucht

161 4887 350 4922 verwickelten,
392 4891 507 4926 sondern
531 4891 601 4928 diese
624 4892 686 4927 noch
709 4893 768 4928 spät
809 4895 913 4924 abend»
955 4902 1001 4923 am

161 4925 318 4962 Bossuwald
341 4931 474 4967 energisch
497 4932 655 4968 einhieben;
696 4933 750 4968 daß
773 4934 847 4969 FoyS
871 4933 1001 4970 Fußvolk,

161 4964 328 5003 keineswegs
351 4970 595 5008 „demoralisiert",
633 4973 678 5003 bi»
699 4973 717 5002 9
738 4973 795 5008 Uhr
816 4975 868 5003 da»
889 4974 1001 5010 Ringen

162 5005 291 5043 fortsetzte
312 5008 369 5038 und
390 5010 447 5046 Ney
468 5012 564 5047 nicht
587 5013 647 5044 „bis
668 5014 811 5050 FraSneS"
835 5014 1002 5051 zurückging,

161 5044 275 5080 sondern
291 5048 480 5085 beiderseitige
492 5051 643 5088 Vorposten
657 5055 703 5090 sich
717 5055 745 5092 so
759 5055 825 5091 dicht
836 5055 1002 5092 gegenüber-

162 5084 252 5120 lagen,
267 5088 322 5125 daß
339 5089 374 5125 sie
391 5089 467 5119 beide
484 5092 578 5126 nacht»
594 5093 637 5123 bei
655 5094 836 5129 Pierremont
855 5096 884 5126 in
903 5096 1002 5126 Alarm

161 5127 282 5158 gerieten
298 5129 355 5159 und
370 5128 413 5159 die
428 5129 559 5164 Schotten
574 5135 629 5161 au»
645 5133 744 5169 Furcht
757 5139 808 5165 vor
823 5135 1002 5165 Reiterüber¬

162 5163 212 5198 fall
231 5167 261 5197 in
280 5168 418 5199 Vierecken
440 5170 579 5206 schliefen;
617 5171 672 5208 daß
691 5173 735 5203 die
772 5175 931 5210 Franzosen
967 5189 1003 5196 —

163 5203 255 5236 10,800
274 5215 360 5244 gegen
381 5210 477 5242 37,000
497 5209 674 5241 Verbündete
694 5228 730 5235 —
751 5214 821 5249 nicht
843 5214 920 5247 4800,
942 5214 1002 5251 son-

162 5242 228 5274 deru
244 5247 312 5277 8400
328 5250 464 5282 verloren,
481 5249 650 5285 Wellington
666 5252 736 5288 nicht
751 5253 829 5286 4650,
845 5258 906 5283 wa»
923 5254 1002 5290 sogar

162 5280 287 5317 Eharra»
300 5288 350 5325 für
362 5297 397 5325 zu
410 5289 520 5325 niedrig
532 5288 602 5325 hält,
615 5290 731 5327 sondern
747 5293 824 5322 6000.
838 5293 902 5323 Da»
917 5293 1002 5328 belgi-

164 5322 214 5356 sche
232 5325 383 5366 Verdienst,
408 5329 590 5360 Ouatrebra»
632 5337 717 5366 gegen
743 5331 930 5369 Wellington»
949 5332 1002 5362 Ab¬

1019 1121 1087 1157 sicht,
1105 1120 1153 1149 der
1170 1120 1232 1155 noch
1251 1121 1369 1155 mittag»
1387 1121 1449 1150 laut
1468 1120 1536 1155 sechs
1556 1124 1608 1148 von
1629 1118 1761 1154 Maxwell
1780 1117 1860 1146 über¬

1021 1162 1151 1196 lieferten
1168 1160 1279 1190 Ordre»
1297 1162 1342 1196 sich
1361 1161 1404 1190 bei
1423 1161 1545 1190 Nivelle»
1564 1160 1711 1196 sammeln,
1728 1159 1754 1187 d.
1773 1158 1799 1193 h.
1816 1157 1862 1186 die

1021 1202 1154 1237 Preußen
1173 1209 1244 1236 ganz
1264 1202 1303 1230 im
1323 1201 1400 1236 Stich
1420 1202 1505 1236 lassen
1524 1201 1623 1231 wollte,
1660 1199 1789 1234 gehalten
1826 1205 1861 1232 zu

1021 1241 1118 1276 haben,
1137 1241 1218 1276 rührt
1236 1241 1326 1276 einzig
1345 1247 1407 1270 vom
1426 1241 1572 1277 Stabschef
1592 1240 1720 1273 Rebeque
1737 1238 1795 1273 her,
1814 1237 1862 1266 der

1022 1281 1192 1317 Pcrponcher
1207 1281 1264 1310 und
1280 1282 1369 1316 Prinz
1384 1281 1514 1310 Oranien
1530 1280 1601 1315 dazu
1616 1279 1778 1314 bestimmte.
1792 1277 1862 1306 Die¬

1022 1322 1064 1357 ser
1074 1322 1139 1351 aber
1152 1326 1211 1350 war
1225 1322 1270 1351 ein
1285 1322 1311 1351 S
1321 1322 1345 1355 ch
1356 1327 1379 1349 w
1391 1329 1404 1350 e
1414 1321 1424 1349 i
1434 1329 1448 1356 z
1458 1328 1472 1349 e
1481 1329 1496 1349 r
1510 1324 1564 1349 aus
1579 1320 1665 1355 Genf,
1679 1326 1729 1354 zur
1743 1317 1862 1353 Schwei»

1023 1361 1153 1397 zergarde
1168 1362 1236 1397 einst
1251 1362 1323 1390 beim
1339 1361 1574 1396 Tuileriensturm
1590 1359 1711 1395 gehörig.

1076 1410 1128 1439 Bei
1142 1410 1284 1439 Waterloo
1298 1410 1394 1446 fingen
1407 1409 1450 1438 die
1464 1409 1577 1444 Belgier
1591 1407 1696 1444 freilich
1710 1407 1762 1435 den
1776 1406 1863 1441 ersten

1024 1451 1100 1486 Stoß
1116 1450 1222 1480 Erlon»
1237 1450 1304 1478 brav
1321 1451 1380 1486 auf,
1397 1449 1525 1484 während
1542 1449 1668 1478 Siborne
1684 1446 1864 1478 verleumdet,

1024 1499 1080 1519 nur
1101 1490 1152 1519 da»
1171 1491 1197 1519 5.
1217 1490 1400 1525 Holländische
1419 1490 1487 1525 habe
1525 1489 1570 1525 sich
1608 1490 1697 1517 etwa»
1735 1486 1864 1522 gewehrt,

1024 1531 1153 1567 offenbar
1171 1530 1378 1566 Verwechslung
1398 1530 1450 1559 mit
1470 1529 1660 1558 Ouatrebra».
1679 1527 1728 1557 Da
1746 1530 1778 1556 e»
1798 1526 1865 1555 aber

1025 1579 1081 1600 nur
1098 1572 1114 1600 3
1131 1571 1279 1607 Offiziere,
1297 1571 1327 1598 11
1347 1570 1439 1599 Mann
1457 1570 1558 1602 verlor,
1575 1569 1603 1605 so
1621 1568 1668 1604 riß
1685 1571 1716 1597 e»
1734 1567 1865 1604 offenbar

1025 1615 1088 1643 aus,
1110 1611 1166 1640 und
1189 1611 1296 1640 allerlei
1317 1609 1548 1646 ausschmückende
1570 1609 1736 1639 Anekdoten,
1757 1606 1812 1636 wie
1830 1606 1866 1641 sie

1025 1652 1089 1681 Van
1105 1652 1183 1680 Neck»
1198 1652 1271 1686 Buch
1287 1651 1412 1687 anführt,
1429 1650 1534 1679 ändern
1552 1648 1639 1683 nicht»
1648 1648 1748 1679 daran,
1758 1646 1812 1682 daß
1821 1646 1867 1674 die

1025 1692 1226 1721 Niederländer
1246 1691 1332 1727 sofort
1369 1690 1524 1719 überrannt
1562 1688 1686 1719 wurden,
1723 1689 1784 1716 wa»
1821 1686 1867 1715 die

1026 1731 1205 1767 Schottischen
1226 1731 1354 1767 Schützen
1392 1730 1485 1766 hinter
1504 1729 1562 1758 und
1582 1728 1670 1757 neben
1691 1727 1776 1762 ihnen
1813 1726 1867 1755 mit

1026 1772 1238 1807 Hohngelächter
1260 1771 1422 1806 begrüßten.
1443 1770 1507 1799 DaS
1530 1768 1691 1802 Widerliche
1714 1767 1762 1796 der
1784 1766 1867 1795 briti¬

1027 1812 1099 1848 schen
1114 1811 1293 1846 Darstellung
1310 1811 1377 1845 steckt
1395 1810 1454 1845 hier
1470 1808 1664 1845 hauptsächlich
1681 1808 1721 1836 im
1740 1806 1867 1841 Ueberse-

1024 1852 1085 1887 hen,
1103 1852 1157 1887 daß
1174 1852 1218 1881 die
1236 1850 1483 1886 Schottendivision
1501 1849 1603 1884 Picton
1621 1848 1698 1877 dann
1716 1846 1867 1882 gleichfalls

1026 1892 1204 1927 überwältigt
1221 1892 1279 1920 und
1297 1899 1353 1920 nur
1371 1890 1449 1924 durch
1469 1889 1622 1924 Nxbridge»
1641 1887 1746 1924 furios«
1764 1886 1868 1916 Attacke

1026 1934 1141 1967 gerettet
1162 1932 1265 1961 wurde.
1286 1931 1330 1960 So
1352 1928 1592 1965 verheißungsvoll
1615 1928 1661 1964 sich
1683 1927 1789 1956 Erlon»
1810 1927 1868 1956 An¬

1026 1973 1097 2009 griff
1114 1976 1178 2004 auö,
1195 1972 1250 2006 daß
1268 1971 1311 2000 die
1329 1970 1446 2000 vorder»
1466 1968 1616 2004 englischen
1634 1967 1783 1997 Batterien
1819 1966 1868 1995 ab-

1026 2012 1127 2049 fuhren
1151 2011 1207 2041 und
1231 2012 1311 2047 sogar
1335 2010 1471 2045 Geschütze
1495 2008 1684 2043 vernagelten,
1708 2007 1772 2036 ein»
1795 2006 1868 2035 blieb

1026 2052 1139 2087 deshalb
1158 2051 1209 2080 den
1228 2058 1334 2086 ganzen
1352 2050 1413 2085 Tag
1433 2048 1633 2083 unbrauchbar»
1652 2047 1709 2077 und
1727 2047 1781 2083 daß
1801 2046 1868 2082 zwei

1027 2091 1175 2121 Batterien
1195 2091 1301 2120 ErlonS
1321 2090 1367 2126 sich
1387 2089 1552 2125 anschickten,
1572 2088 1646 2124 schon
1667 2087 1760 2122 hinter
1780 2086 1868 2122 ihrem

1028 2131 1151 2167 Fußvolk
1166 2131 1219 2160 daS
1234 2131 1358 2165 Plateau
1374 2138 1408 2165 zu
1425 2129 1595 2160 erklimmen,
1613 2127 1656 2157 die
1673 2128 1750 2157 dann
1766 2127 1869 2163 stecken-

1028 2171 1154 2201 bleibend
1178 2170 1226 2199 der
1249 2170 1398 2206 englischen
1423 2168 1547 2198 Reiterei
1571 2176 1635 2203 zum
1659 2167 1750 2203 Opfer
1775 2167 1870 2204 fielen.

1029 2211 1134 2240 ErlonS
1153 2210 1317 2245 Niederlage
1353 2209 1423 2239 wird
1442 2215 1494 2238 von
1513 2207 1780 2244 Wommerson-Ba»
1817 2206 1870 2236 wie

1029 2256 1082 2280 von
1102 2250 1174 2279 allen
1194 2250 1319 2279 Autoren
1340 2249 1475 2284 lächerlich
1496 2248 1682 2280 übertrieben,
1703 2247 1776 2276 denn
1796 2247 1871 2283 schon

1029 2291 1092 2321 eine
1113 2290 1194 2325 halbe
1217 2290 1329 2320 Stunde
1353 2289 1443 2325 später
1466 2289 1622 2318 berannten
1663 2288 1708 2317 die
1731 2286 1869 2323 angeblich

1029 2331 1221 2367 zersprengten
1244 2330 1406 2365 Divisionen
1429 2330 1527 2359 erneut
1549 2328 1600 2357 da»
1622 2328 1756 2362 Plateau,
1796 2327 1870 2363 schon

1031 2376 1080 2399 vor
1099 2370 1164 2404 halb
1185 2371 1201 2397 4
1222 2370 1279 2404 Uhr
1299 2371 1397 2399 erneut
1418 2369 1469 2398 den
1489 2369 1649 2398 Vorderteil
1669 2373 1722 2397 von
1744 2366 1784 2396 La
1795 2367 1872 2402 Haye

1031 2410 1137 2440 Sainte
1157 2409 1298 2441 erobernd,
1316 2415 1358 2439 wo
1378 2409 1422 2438 die
1440 2408 1616 2445 heldenhafte
1635 2407 1755 2444 deutsche
1773 2407 1871 2443 Besat¬

1030 2458 1103 2486 zung
1126 2449 1255 2479 keinerlei
1276 2449 1369 2484 Schutz
1391 2449 1468 2484 durch
1490 2449 1591 2478 Briten
1613 2448 1716 2478 bekam.
1738 2447 1808 2481 Auch
1827 2454 1871 2481 ge¬

1030 2491 1136 2525 nügten
1154 2490 1222 2518 1500
1239 2489 1411 2526 französische
1429 2489 1534 2520 Reiter,
1551 2496 1600 2517 um
1617 2488 1686 2516 2350
1703 2487 1760 2517 und
1777 2487 1872 2523 zuletzt

1031 2531 1100 2559 8200
1120 2529 1270 2566 englischen
1309 2529 1388 2564 ihren
1409 2528 1507 2564 kurzen
1529 2528 1628 2565 Erfolg
1650 2528 1681 2557 in
1720 2527 1872 2564 schwersten

1032 2571 1189 2607 Mißerfolg
1208 2578 1243 2605 zu
1262 2569 1448 2601 verwandeln,
1468 2569 1503 2605 sie
1524 2569 1577 2598 mit
1597 2568 1783 2604 ungeheurem
1803 2567 1872 2597 Ver¬

1033 2610 1086 2646 lust
1106 2611 1157 2647 auf
1176 2609 1221 2639 die
1240 2609 1316 2644 Höhe
1335 2608 1579 2645 zurückzutrciben.
1609 2608 1661 2638 Al»
1680 2607 1786 2643 hierbei
1806 2607 1872 2637 Bri-

1033 2650 1101 2686 gäbe
1121 2650 1233 2686 Ghigny
1254 2650 1302 2679 der
1322 2648 1523 2679 Niederländer
1561 2648 1684 2678 Reiter«'
1704 2662 1741 2669 —
1760 2647 1805 2677 die
1820 2655 1873 2677 an¬

1033 2690 1096 2720 dere
1109 2690 1175 2720 Van
1191 2690 1304 2720 Merlen
1320 2690 1443 2725 versagte
1458 2704 1494 2709 —
1507 2696 1558 2724 zur
1574 2688 1734 2725 Aufnahme
1747 2687 1873 2723 vorging,

1030 2731 1190 2767 empfingen
1204 2729 1377 2766 französische
1390 2729 1549 2764 Kürassiere
1562 2729 1597 2764 sie
1611 2728 1664 2758 mit
1676 2728 1874 2764 Schimpfwor-

1035 2772 1091 2800 ten.
1108 2770 1179 2806 Jetzt
1196 2778 1245 2799 um
1262 2770 1327 2804 halb
1344 2770 1363 2799 4
1378 2769 1444 2804 Uhr,
1462 2769 1532 2803 nicht
1549 2768 1602 2804 erst
1619 2776 1668 2798 um
1685 2769 1703 2796 4
1720 2768 1787 2803 Uhr.
1803 2768 1874 2798 .Die

1034 2811 1181 2845 allgemein
1203 2810 1284 2845 falsch
1304 2809 1469 2844 angegeben,
1508 2808 1617 2843 begann
1639 2808 1683 2838 die
1721 2808 1789 2844 erste
1826 2807 1874 2837 der

1033 2850 1136 2885 großen
1155 2849 1287 2884 Nchschen
1305 2848 1529 2878 Reiterattacken.

1085 2888 1140 2917 Die
1159 2888 1347 2923 Unsinnigkeit
1383 2888 1430 2916 der
1464 2887 1608 2923 britischen
1626 2887 1784 2922 Prahlerei,
1820 2887 1872 2921 Ux-

1032 2928 1127 2963 bridge
1142 2928 1210 2962 habe
1225 2928 1354 2963 zweimal
1370 2927 1500 2961 Milhaud
1518 2926 1758 2963 zurückgeworfen,
1774 2926 1871 2955 wider-

1034 2969 1089 3003 lcgt
1110 2968 1155 3004 sich
1178 2967 1250 3004 schon
1271 2967 1349 3002 durch
1371 2967 1556 3001 Wellingtons
1579 2966 1700 3001 Angabe,
1740 2965 1871 3000 Milhaud

1032 3007 1069 3043 fei
1090 3008 1171 3043 gleich
1212 3008 1336 3043 anfangs
1361 3006 1419 3036 drei
1442 3006 1665 3041 Viertelstunden
1706 3005 1808 3035 droben
1826 3012 1870 3040 ge¬

1033 3048 1150 3077 blieben.
1168 3047 1238 3078 „Sie
1256 3046 1447 3082 marschierten
1465 3054 1513 3075 um
1531 3049 1587 3075 uns
1604 3046 1711 3080 herum,
1729 3045 1774 3074 al»
1794 3045 1826 3074 ob
1836 3045 1872 3080 sie

1033 3096 1067 3123 zu
1078 3091 1133 3117 un»
1148 3087 1302 3123 gehörten."
1319 3086 1370 3116 Bei
1388 3086 1679 3122 dieferReiterfchlacht
1695 3093 1755 3114 nun
1766 3085 1871 3121 griffen

1034 3127 1076 3157 die
1095 3127 1154 3157 drei
1174 3126 1375 3157 Niederländer
1395 3126 1685 3160 Kavalleriebrigaden
1707 3125 1807 3161 kräftig
1817 3125 1872 3157 ein,

1035 3167 1121 3197 wobei
1136 3167 1181 3201 ihr
1194 3167 1307 3202 höchster
1322 3166 1391 3202 Chef
1407 3166 1528 3196 Collaert
1546 3166 1602 3194 und
1618 3166 1743 3195 General
1761 3165 1872 3194 Merlen

1036 3207 1117 3243 sowie
1134 3207 1202 3242 zwei
1220 3207 1353 3241 Obersten
1372 3206 1481 3241 getötet,
1517 3205 1575 3234 drei
1595 3206 1697 3234 andere
1714 3205 1874 3234 verwundet

1037 3246 1159 3276 wurden.
1177 3247 1247 3281 Auch
1264 3247 1311 3275 der
1329 3247 1411 3281 große
1429 3245 1672 3282 Offiziersverlust
1689 3245 1804 3280 beweist,
1821 3245 1875 3280 daß

1035 3287 1183 3322 besonders
1197 3287 1286 3321 Trip»
1301 3286 1488 3316 CarabinierS
1502 3286 1570 3315 brav
1586 3286 1698 3322 fochten.
1712 3285 1797 3315 Wood
1814 3286 1873 3314 ent-

1038 3327 1105 3362 stellt
1129 3326 1254 3362 gröblich,
1278 3326 1321 3355 die
1345 3325 1511 3355 verbündete
1534 3325 1658 3355 Reiterei
1681 3325 1750 3360 habe
1775 3324 1877 3359 „nicht»

1037 3375 1101 3402 zum
1117 3367 1204 3401 Siege
1220 3367 1256 3402 (I)
1273 3366 1476 3401 beigetragen".
1491 3365 1563 3395 Eine
1578 3365 1806 3400 lleberlieferung
1823 3365 1879 3400 legt

1039 3408 1119 3443 sogar
1133 3406 1270 3442 Uxbridge
1284 3407 1327 3436 die
1342 3406 1425 3444 freche
1439 3405 1650 3441 Verleumdung
1665 3405 1695 3435 in
1710 3405 1763 3435 den
1777 3404 1879 3437 Mund,

1039 3447 1163 3476 General
1187 3447 1257 3483 Trip
1296 3462 1333 3468 —
1354 3446 1399 3476 ein
1423 3446 1641 3482 napoleonischer
1664 3445 1803 3475 Veterane
1827 3450 1879 3474 von

1039 3487 1206 3523 Friedland!
1225 3502 1262 3508 —
1279 3486 1347 3521 habe
1367 3486 1469 3516 Attacke
1490 3486 1659 3521 verweigert.
1678 3485 1796 3521 Freilich
1815 3485 1881 3522 darf

1040 3536 1106 3557 man
1122 3530 1175 3557 au»
1190 3527 1265 3563 Zorn
1280 3527 1348 3556 über
1363 3526 1443 3562 solche
1458 3525 1687 3561 Ungerechtigkeit
1703 3525 1772 3560 nicht
1787 3533 1880 3560 umge¬

1040 3568 1113 3603 kehrt
1128 3572 1182 3597 von
1200 3567 1303 3602 „Trips
1320 3567 1479 3601 berühmter
1496 3566 1614 3595 Attacke"
1634 3566 1738 3603 fabeln,
1754 3566 1826 3595 denn
1836 3573 1880 3600 ge¬

1040 3609 1146 3643 worfen
1165 3608 1280 3637 wurden
1298 3607 1341 3637 die
1361 3604 1562 3636 Niederländer
1581 3607 1728 3641 durchweg,
1746 3606 1798 3635 wie
1818 3606 1881 3640 auch

1040 3649 1087 3678 ein
1103 3648 1210 3682 Bericht
1227 3648 1275 3677 der
1291 3647 1414 3682 Brigade
1431 3647 1543 3682 Ghigny
1561 3647 1675 3682 deutlich
1710 3646 1881 3682 durchschim-

1041 3696 1120 3717 mern
1138 3688 1207 3723 läßt.
1224 3687 1384 3724 Jedenfalls
1401 3687 1569 3723 verschwand
1586 3687 1650 3722 nach
1668 3688 1684 3714 5
1702 3687 1759 3722 Uhr
1775 3687 1819 3716 die
1837 3694 1881 3721 ge¬

1041 3729 1128 3764 samte
1143 3728 1310 3757 verbündete
1326 3728 1449 3757 Reiterei
1465 3732 1526 3756 vom
1543 3727 1712 3763 Schauplatz,
1729 3727 1785 3756 und
1801 3732 1882 3756 wenn

1041 3769 1130 3804 Prinz
1152 3768 1283 3798 Oranien
1323 3767 1374 3797 den
1397 3767 1583 3797 CarabinierS
1605 3767 1709 3804 zurief:
1753 3766 1882 3799 „Kinder,

1042 3809 1086 3844 ihr
1103 3809 1169 3843 habt
1188 3809 1237 3845 für
1255 3808 1320 3843 heut
1338 3816 1428 3844 genug
1448 3808 1572 3843 getan!",
1593 3807 1619 3843 so
1639 3807 1708 3837 wird
1728 3807 1788 3836 die»
1807 3808 1882 3836 treu¬

1040 3849 1133 3884 herzig
1158 3848 1349 3884 zugestanden.
1372 3847 1429 3877 Die
1454 3848 1604 3883 englischen
1630 3848 1761 3883 schweren
1786 3847 1883 3877 Reiter

1042 3889 1198 3924 existierten
1219 3889 1288 3923 nicht
1308 3888 1394 3923 mehr,
1413 3896 1469 3919 nur
1490 3888 1540 3916 100
1560 3888 1672 3923 standen
1710 3887 1814 3917 abend»
1853 3887 1883 3916 in

1043 3929 1113 3965 Reih
1129 3929 1186 3958 und
1203 3929 1296 3958 Glied.
1313 3928 1403 3958 Wenn
1420 3929 1479 3964 also
1495 3928 1538 3957 die
1555 3928 1727 3963 Verlustliste
1742 3936 1798 3957 nur
1816 3927 1884 3955 1100

1043 3971 1083 3999 tot
1101 3969 1158 3999 und
1174 3969 1333 3999 verwundet
1348 3969 1457 4001 meldet,
1472 3969 1499 4004 so
1515 3968 1606 4005 fehlen
1621 3968 1681 4003 hier
1695 3968 1796 3998 ander«
1807 3967 1884 4000 1100,

1043 4013 1103 4039 waS
1128 4010 1174 4045 sich
1190 4010 1261 4044 wohl
1278 4009 1409 4045 teilweise
1425 4008 1504 4043 durch
1520 4009 1572 4037 den
1588 4008 1710 4043 üblichen
1727 4007 1884 4042 Schwindel

1042 4049 1431 4085 derVerlustunterschlagung
1446 4048 1557 4081 erklärt,
1572 4049 1641 4085 sonst
1655 4048 1720 4077 aber
1734 4047 1884 4083 offenbart,

1043 4090 1097 4126 daß
1113 4090 1177 4124 auch
1194 4090 1265 4125 diese
1282 4090 1478 4125 Elitetruppcn
1494 4089 1626 4124 teilweise
1644 4088 1796 4124 auSriffen!

1095 4129 1161 4167 Daß
1178 4130 1222 4160 die
1238 4130 1340 4160 Briten
1358 4129 1417 4165 ihre
1434 4129 1676 4165 Bundesgenossen
1694 4128 1741 4158 der
1759 4128 1884 4164 Feigheit

1044 4170 1215 4206 bezichtigen,
1235 4178 1257 4205 z.
1276 4169 1312 4199 B.
1331 4169 1447 4205 hämisch
1466 4169 1518 4198 daS
1539 4169 1655 4205 Fliehen
1674 4168 1885 4204 hannoverscher

1044 4212 1173 4247 Husaren
1188 4210 1314 4243 betonen,
1332 4210 1459 4245 erscheint
1477 4209 1594 4245 nämlich
1610 4217 1658 4239 um
1675 4209 1703 4246 so
1719 4209 1885 4245 schamloser,

1044 4252 1090 4280 als
1115 4252 1235 4287 strenger
1258 4249 1442 4287 Tagesbefehl
1466 4250 1652 4285 Wellington»
1694 4249 1737 4279 die
1760 4248 1885 4283 Schande

1044 4291 1259 4327 englischer
1286 4290 1428 4327 Offiziere
1456 4290 1513 4320 und
1543 4290 1754 4326 Mannschaften
1783 4288 1884 4318 brand-

1045 4331 1157 4364 markte,
1176 4331 1219 4362 die
1236 4331 1281 4360 bi»
1300 4331 1468 4366 Antwerpen
1487 4332 1609 4360 rannten
1628 4330 1684 4360 und
1703 4329 1809 4359 überall
1827 4329 1884 4358 Na¬

1044 4372 1158 4408 poleon»
1178 4371 1250 4407 Sieg
1269 4371 1460 4404 verkündeten,
1497 4370 1549 4400 wie
1568 4371 1632 4404 auch
1651 4370 1702 4399 da»
1720 4384 1756 4391 —
1772 4368 1885 4404 bezeich¬

1044 4412 1230 4447 nenderweise
1247 4412 1294 4442 nie
1312 4411 1446 4446 gedruckte
1472 4426 1508 4431 —
1526 4400 1704 4446 Manuskript
1722 4408 1885 4446 Hamilton»

1045 4452 1233 4489 erschreckende
1250 4451 1387 4488 Beispiele
1404 4457 1457 4481 von
1475 4451 1595 4487 ehrloser
1613 4449 1811 4487 Fahnenflucht
1828 4449 1885 4478 bri¬

1045 4493 1139 4529 tischer
1157 4492 1298 4522 Soldaten
1318 4491 1432 4527 erzählt.
1452 4491 1522 4525 Auch
1543 4491 1586 4520 die
1606 4496 1658 4520 von
1678 4490 1751 4520 allen
1770 4489 1885 4525 Histori¬

1046 4533 1109 4563 kern
1134 4533 1317 4567 nachgebetete
1342 4532 1438 4567 Fabel,
1461 4531 1584 4567 britisch«
1608 4531 1767 4561 Kanonier«
1790 4529 1885 4565 hätten

1046 4573 1147 4603 immer
1168 4573 1269 4603 wieder
1290 4572 1417 4608 zwischen
1438 4571 1489 4601 den
1512 4571 1635 4601 Attacken
1658 4571 1717 4605 ihre
1738 4569 1886 4607 zeitweilig

1045 4613 1215 4649 verlassenen
1233 4612 1369 4648 Geschütze
1385 4611 1503 4644 bedient,
1519 4611 1640 4645 verkehrt
1657 4610 1702 4647 sich
1718 4609 1796 4645 durch
1813 4609 1886 4639 Wel-

1048 4654 1174 4688 lingtonS
1199 4653 1340 4689 geheimen
1364 4652 1446 4688 Brief
1471 4660 1508 4681 an
1550 4652 1621 4681 Lord
1647 4651 1797 4686 Mulgrav«
1839 4649 1886 4678 in»

1047 4693 1128 4729 krasse
1150 4693 1311 4728 Gegenteil:
1352 4700 1382 4722 er
1400 4692 1506 4727 beklagt
1527 4692 1572 4728 sich
1609 4691 1694 4721 bitter
1731 4690 1797 4720 über
1834 4689 1886 4718 da»

1047 4733 1221 4769 schimpfliche
1247 4733 1388 4768 Betragen
1431 4732 1571 4768 britischer
1597 4730 1753 4761 Artilleriei
1797 4728 1886 4759 Wenn

1047 4772 1117 4810 diese
1138 4774 1170 4801 31
1191 4773 1332 4810 Offiziere
1351 4773 1443 4803 verlor
1465 4771 1519 4808 (die
1541 4771 1713 4808 französisch«
1734 4769 1886 4806 insgesamt

1047 4821 1103 4843 nur
1121 4813 1164 4846 23,
1180 4812 1287 4843 Erlon»
1304 4821 1360 4843 nur
1377 4814 1401 4846 4,
1419 4813 1446 4849 so
1462 4812 1516 4848 daß
1533 4812 1596 4847 auch
1612 4811 1664 4841 da»
1680 4809 1817 4846 angeblich
1833 4814 1886 4839 von

1047 4853 1211 4890 schottischen
1231 4853 1401 4889 Dragonern
1421 4853 1482 4882 dort
1502 4851 1680 4887 angerichtete
1699 4848 1821 4881 Blutbad
1841 4849 1887 4878 al»

1045 4893 1131 4929 Fabel
1145 4894 1295 4930 erscheint),
1308 4894 1336 4930 so
1349 4893 1451 4928 bezieht
1467 4892 1511 4928 sich
1524 4892 1584 4921 die»
1597 4898 1652 4920 nur
1666 4891 1717 4927 auf
1729 4891 1745 4918 7
1758 4889 1886 4925 Reserve-

1047 4934 1186 4964 batterieu
1210 4935 1249 4964 im
1270 4933 1486 4970 Hintertreffen,
1525 4932 1569 4961 die
1608 4928 1794 4967 fortwährend
1832 4933 1886 4957 von

1048 4974 1210 5011 feindlichen
1225 4964 1353 5010 Reisigen
1367 4971 1533 5002 umbrandet
1548 4971 1604 5000 und
1619 4978 1664 4999 am
1678 4969 1812 5004 Schießen
1826 4972 1885 4997 ver¬

1048 5015 1158 5051 hindert
1176 5014 1298 5044 wurden.

1100 5055 1183 5090 Diese
1207 5053 1380 5088 Enthüllung
1403 5051 1516 5086 beweist,
1541 5050 1594 5084 daß
1619 5048 1785 5082 Wellington
1810 5046 1883 5081 schon

1049 5095 1099 5132 seit
1113 5096 1129 5123 5
1144 5094 1201 5129 Uhr
1215 5093 1288 5129 seine
1303 5091 1398 5126 völlige
1413 5090 1577 5123 Niederlage
1592 5093 1639 5117 vor
1654 5088 1751 5122 At^en
1765 5085 1812 5122 sah
1826 5085 1883 5114 und

1049 5142 1104 5163 nur
1126 5133 1200 5169 seine
1222 5131 1305 5167 große
1327 5128 1569 5162 Uebermacht
1593 5127 1648 5160 ihm
1670 5127 1759 5156 «wa»
1781 5127 1883 5159 au»zu-

1047 5173 1153 5202 dauern
1171 5171 1306 5201 erlaubte.
1323 5169 1413 5199 Wenn
1430 5175 1496 5197 man
1513 5167 1557 5196 die
1574 5165 1771 5201 Lügengtffern
1788 5162 1884 5195 66,000

1049 5213 1111 5248 (gar
1128 5211 1259 5245 55.0001),
1277 5209 1372 5241 68,000
1390 5207 1567 5237 dokumentär
1586 5206 1636 5242 auf
1654 5204 1749 5237 70,«»
1766 5204 1885 5239 erhöht«,

1049 5253 1076 5288 so
1094 5250 1183 5286 ergibt
1207 5249 1253 5286 sich
1276 5249 1340 5281 auch
1364 5248 1450 5283 dieser
1475 5245 1666 5282 Stärkeansatz
1707 5245 1754 5274 al»
1796 5244 1885 5281 falsch.

1047 5291 1131 5321 Denn
1153 5288 1404 5323 Ouartiermeister
1426 5286 1579 5321 Kcnncdey,
1620 5285 1667 5315 der
1707 5284 1760 5315 all«
1798 5284 1885 5315 Akten

1049 5331 1154 5362 kannte,
1175 5330 1263 5358 nennt
1282 5326 1461 5362 aurdrücklich
1481 5326 1583 5358 79,000,
1605 5325 1690 5355 wobei
1710 5332 1740 5356 «r
1760 5325 1813 5355 mit
1834 5325 1886 5361 echt

1906 1117 2045 1152 britischer
2083 1117 2331 1153 Unverschämtheit
2352 1117 2447 1149 38,000
2468 1116 2644 1146 Verbündete
2682 1115 2747 1151 bloß

1908 1158 2001 1190 11.000
2028 1158 2185 1193 Franzosen
2213 1158 2394 1193 gleichwertig
2438 1157 2540 1193 schätzt!
2587 1156 2747 1190 Allerding»

1907 1198 2011 1232 rechnet
2047 1206 2077 1227 er
2093 1198 2173 1227 dabei
2190 1198 2234 1227 die
2251 1198 2382 1234 Deutsche
2399 1198 2503 1232 Legion
2541 1196 2620 1231 (6-100
2639 1195 2747 1225 Streit¬

1908 1238 1986 1272 bare)
2006 1246 2040 1273 zu
2060 1238 2111 1267 den
2131 1239 2242 1270 Briten,
2263 1238 2329 1267 aber
2348 1238 2392 1267 die
2412 1237 2628 1272 hannoverschen
2649 1235 2747 1270 Miliz-

1907 1278 2040 1313 brigaden
2062 1280 2168 1308 nannte
2188 1278 2357 1313 Wellington
2378 1278 2455 1313 selbst
2475 1277 2566 1312 später
2588 1276 2747 1307 „bewunde-

1908 1317 2134 1353 rungSwürdig".
2146 1318 2210 1346 DaS
2224 1319 2274 1354 fiel
2288 1318 2346 1353 ihm
2359 1318 2412 1352 erst
2425 1318 2493 1345 1852
2507 1317 2747 1351 imParlament».

1908 1358 2016 1387 debatte
2033 1358 2088 1390 ein,
2106 1358 2176 1394 sonst
2192 1359 2299 1393 schwieg
2316 1366 2346 1387 er
2363 1358 2416 1387 alle
2433 1358 2572 1393 deutschen
2590 1356 2748 1390 Verdienste

1909 1398 2099 1434 grundsätzlich
2120 1400 2170 1427 tot.
2187 1398 2248 1427 Und
2268 1399 2327 1433 doch
2346 1398 2492 1427 verdankte
2511 1405 2542 1426 er
2561 1397 2620 1432 sein
2639 1396 2747 1426 Stand-

1908 1438 2003 1473 halten
2022 1437 2155 1473 einzig
2173 1438 2223 1467 den
2241 1438 2399 1473 Deutschen,
2417 1438 2477 1467 vor
2494 1437 2577 1466 allem
2595 1437 2643 1465 der
2660 1436 2749 1471 heroi-

1909 1479 1982 1514 schen
1999 1478 2201 1514 Verteidigung
2218 1479 2266 1507 de»
2283 1478 2428 1507 Nordteil»
2463 1482 2516 1506 von
2535 1477 2575 1506 La
2593 1477 2670 1512 Haye
2704 1476 2749 1504 bi»

1909 1519 1974 1553 nach
1994 1519 2013 1546 6
2033 1519 2099 1553 Uhr,
2120 1524 2162 1548 wo
2184 1519 2251 1547 1200
2272 1518 2403 1554 Deutsche
2424 1517 2596 1552 buchstäblich
2618 1517 2664 1545 bi»
2686 1524 2750 1551 zum

1911 1559 2003 1594 letzten
2024 1559 2118 1588 Mann
2139 1559 2184 1593 sich
2204 1560 2338 1594 opferten,
2357 1566 2414 1587 nur
2432 1558 2467 1585 42
2487 1558 2642 1587 entkamen.
2679 1556 2750 1589 Auch

1910 1599 1957 1629 ein
1977 1598 2243 1633 Legionsbataillon,
2263 1599 2314 1628 da»
2335 1599 2425 1634 Prinz
2444 1598 2576 1627 Oranien
2597 1597 2638 1626 im
2659 1597 2750 1633 freien

1911 1638 1994 1675 Felde
2017 1638 2155 1667 vorwärt»
2177 1639 2265 1674 hetzte,
2288 1647 2335 1667 um
2359 1638 2401 1667 die
2425 1638 2516 1672 leichte
2539 1636 2750 1667 Gardereiterei

1911 1679 2103 1714 aufzuhalten,
2118 1679 2229 1714 schmolz
2243 1679 2287 1707 bi»
2301 1680 2352 1714 auf
2366 1679 2401 1707 30
2415 1679 2518 1708 Mann.
2533 1678 2585 1707 Als
2602 1677 2654 1706 alle
2668 1676 2751 1706 briti-

1912 1719 1964 1754 fche
1983 1719 2039 1748 und
2058 1719 2184 1754 belgische
2205 1719 2327 1748 Reiterei
2347 1718 2398 1747 da»
2419 1718 2508 1748 Weite
2527 1718 2622 1754 suchte,
2641 1717 2751 1752 warfen

1910 1759 1957 1795 sich
1965 1759 1992 1787 2.
2001 1758 2295 1794 u.8.LegionShusaren
2310 1758 2479 1794 opfermütig
2493 1756 2689 1793 entgegen.Bei
2699 1757 2752 1786 den

1912 1799 2075 1833 berühmten
2094 1799 2274 1834 „englischen"
2294 1799 2433 1828 Vierecken
2451 1798 2526 1830 aber,
2545 1798 2598 1827 wie
2616 1797 2680 1832 auch
2699 1797 2752 1826 alle

1913 1839 2105 1876 französischen
2131 1840 2279 1875 Historiker
2305 1839 2341 1874 sie
2366 1847 2486 1871 nennen,
2511 1838 2658 1873 bestanden
2684 1837 2752 1872 zwei

1911 1879 2021 1908 Drittel
2042 1879 2095 1908 au»
2114 1879 2325 1916 Deutschen
2345 1879 2401 1908 und
2422 1879 2474 1908 da»
2494 1879 2579 1914 große
2597 1878 2752 1913 Hannover-

1913 1920 1965 1955 sche
1984 1920 2086 1949 Viereck
2107 1919 2207 1956 befand
2246 1919 2292 1955 sich
2314 1927 2360 1948 am
2381 1919 2518 1954 weitesten
2539 1923 2618 1950 vorn,
2640 1917 2687 1946 litt
2706 1924 2752 1946 am

1912 1960 2033 1993 meisten.
2075 1960 2131 1990 Die
2154 1960 2320 1994 bedrohteste
2362 1958 2600 1994 Reservebatterie
2643 1957 2753 1987 Mercer

1913 2000 2011 2029 deckten
2035 2001 2102 2035 zwei
2145 1999 2388 2034 Brautischweiger
2412 1999 2540 2028 Vierecke.
2583 1998 2626 2033 In
2652 1997 2753 2033 Schloß

1913 2041 2057 2070 Goumont
2072 2040 2177 2075 hielten
2194 2040 2240 2075 sich
2257 2040 2301 2068 die
2318 2039 2468 2075 englischen
2485 2038 2602 2068 Garden
2619 2046 2675 2067 nur
2692 2037 2752 2067 des¬

1914 2080 1987 2115 halb,
2005 2081 2069 2109 weil
2087 2080 2137 2109 der
2154 2080 2276 2115 gallische
2295 2079 2370 2109 Elan
2407 2079 2453 2115 sich
2473 2079 2546 2114 schon
2566 2086 2603 2107 an
2638 2078 2753 2107 Braun»

1916 2121 2082 2156 schwcigern,
2105 2120 2270 2156 Nassauern,
2310 2119 2526 2154 hannoverschen
2550 2119 2678 2154 Schützen
2715 2118 2754 2147 im

1915 2161 2088 2194 Borgelände
2110 2160 2251 2196 abgewetzt
2290 2159 2376 2194 hatte.
2415 2159 2561 2195 Beiläufig
2601 2159 2753 2193 behaupten

1915 2200 1959 2229 die
1977 2201 2097 2236 Belgier,
2138 2200 2192 2236 daß
2215 2201 2261 2230 ein
2285 2200 2428 2229 Leutnant
2451 2199 2580 2233 Bvucher,
2621 2199 2754 2234 geborner

1916 2241 2038 2276 Belgier,
2056 2241 2143 2276 zuerst
2162 2241 2209 2269 in»
2229 2240 2330 2276 Schloß
2366 2240 2504 2275 eindrang
2523 2239 2579 2269 und
2600 2239 2663 2276 fiel;
2701 2238 2753 2268 alle

1916 2276 2108 2318 französischen
2128 2281 2250 2315 Berichte
2270 2288 2383 2309 nennen
2403 2280 2469 2309 aber
2489 2280 2629 2309 Leutnant
2650 2279 2753 2314 Legro»

1917 2321 1973 2350 und
1986 2321 2028 2350 die
2043 2320 2213 2350 bemerkbare
2227 2321 2337 2355 Absicht,
2351 2320 2459 2349 überall
2472 2320 2598 2355 belgische
2611 2320 2752 2349 Bravour¬

1917 2361 1997 2390 arien
2016 2369 2049 2397 zu
2069 2362 2170 2397 singen,
2188 2360 2350 2396 verstimmt.
2387 2360 2456 2389 WaS
2475 2360 2518 2389 die
2538 2360 2673 2396 Nassauer
2709 2358 2753 2388 be¬

1918 2402 2004 2437 trifft.
2025 2402 2052 2436 so
2075 2402 2107 2436 ist
2127 2400 2309 2436 bezeichnend,
2349 2401 2402 2436 daß
2425 2400 2477 2429 alle
2499 2400 2637 2435 Historien
2677 2399 2753 2434 (auch

1917 2441 2145 2471 Leltow-Borbeck
2165 2441 2196 2470 in
2215 2441 2319 2477 feinem
2340 2440 2557 2476 oberflächlichen
2578 2439 2694 2477 offiziell
2704 2447 2753 2468 an-

1917 2482 2091 2517 gepriesenen
2113 2481 2273 2516 Machwerk)
2295 2481 2331 2517 sie
2351 2481 2403 2510 mit
2423 2480 2475 2508 640
2494 2480 2605 2515 Verlust
2624 2479 2754 2515 begaben,

1918 2521 2046 2556 während
2067 2521 2098 2550 in
2120 2521 2287 2551 Wiesbaden
2309 2520 2466 2555 urkundlich
2488 2520 2555 2548 1100
2575 2519 2753 2555 verzeichnet!

1918 2562 1977 2592 Der
1999 2562 2181 2597 allgemeinen
2204 2561 2322 2596 Lügerei
2345 2561 2487 2596 entspricht
2510 2560 2582 2595 auch,
2605 2560 2659 2596 daß
2682 2559 2755 2589 Wel¬

1919 2602 2027 2637 lington
2045 2609 2102 2631 nur
2119 2601 2214 2633 12,000
2231 2601 2329 2631 Reiter
2346 2600 2444 2636 gehabt
2460 2600 2537 2635 habe.
2573 2600 2640 2629 Nun
2659 2600 2757 2635 gesteht

1918 2642 2002 2672 Wood
2020 2642 2094 2678 schon
2109 2642 2179 2670 7700
2196 2640 2319 2677 britische
2354 2641 2419 2670 inkl.
2452 2640 2584 2676 Deutsche
2601 2640 2705 2674 Legion
2715 2646 2758 2675 zu.

1918 2682 1991 2712 Eine
2009 2682 2105 2717 eigene
2123 2681 2324 2718 Bleistiftnotiz
2344 2681 2531 2715 Wellington»
2549 2685 2613 2709 vom
2631 2680 2674 2708 18.
2693 2679 2759 2715 früh

1919 2723 2047 2759 beziffert
2061 2722 2128 2752 aber
2143 2722 2217 2758 seine
2234 2720 2437 2757 anglodeutsche
2451 2720 2576 2750 Reiterei
2591 2720 2643 2757 auf
2658 2719 2761 2752 10,500,

1920 2762 1990 2799 dazu
2008 2763 2077 2791 4000
2095 2761 2306 2792 Niederländer.
2324 2761 2386 2790 Und
2405 2761 2457 2790 da»
2476 2761 2533 2796 sind
2552 2760 2617 2796 bloß
2637 2759 2759 2791 „Säbel"

1919 2802 1984 2835 nach
2008 2802 2154 2838 englischer
2178 2801 2390 2837 Rechnungsart
2432 2801 2496 2836 exkl.
2522 2801 2663 2837 Offiziere
2704 2799 2761 2829 und

1919 2841 2149 2877 Ntchtstreitbarc.
2189 2841 2350 2876 Umgekehrt
2387 2840 2464 2876 hatte
2503 2840 2646 2875 Napoleon
2685 2844 2761 2875 zwar

1920 2882 2013 2912 14.000
2033 2881 2114 2916 (nicht
2134 2881 2273 2915 „15,765")
2294 2881 2392 2910 Reiter
2412 2880 2477 2909 inkl.
2496 2880 2644 2917 Offiziere,
2665 2880 2761 2915 mußte

1918 2921 1983 2950 aber
2002 2921 2071 2949 2000
2088 2928 2174 2956 gegen
2194 2921 2311 2954 Blücher
2330 2921 2493 2950 verwenden
2531 2920 2587 2949 und
2607 2920 2652 2950 die
2688 2919 2760 2954 Zen.

1918 2960 2112 2990 trumattacken
2131 2960 2219 2989 ritten
2239 2968 2296 2989 nur
2315 2960 2409 2993 10,000
2428 2960 2532 2989 Manu.
2551 2959 2634 2995 Diese
2654 2959 2759 2995 büßten

1916 3000 1967 3028 304
1986 2999 2133 3036 Offiziere,
2154 2999 2224 3028 8100
2245 2999 2339 3029 Mann
2379 2999 2434 3031 ein,
2474 3000 2533 3034 also
2571 2999 2618 3029 ein
2639 2998 2757 3031 Drittel,

1917 3040 2083 3074 keineswegs
2105 3042 2187 3075 „zwei
2206 3038 2343 3071 Drittel",
2379 3039 2436 3069 und
2456 3039 2534 3068 dabei
2556 3039 2667 3073 rechnen
2704 3038 2758 3067 wir

1917 3080 1978 3114 noch
2013 3079 2081 3114 hoch,
2100 3079 2172 3109 denn
2192 3078 2234 3109 die
2255 3087 2300 3108 am
2321 3079 2444 3114 längsten
2482 3079 2616 3115 fechtende
2633 3078 2758 3113 Brigade

1916 3119 2028 3150 Dubai»
2044 3120 2136 3149 verlor
2151 3121 2202 3155 auf
2218 3120 2252 3148 82
2267 3119 2407 3156 Offiziere
2423 3127 2479 3148 nur
2495 3120 2546 3147 268
2563 3119 2666 3148 Mann.
2682 3119 2756 3148 Wel¬

1918 3161 2045 3195 lington»
2062 3160 2186 3189 Reiterei
2204 3160 2297 3189 verlor
2315 3159 2431 3195 offiziell
2449 3160 2526 3191 3200,
2544 3158 2758 3194 wahrscheinlich

1919 3201 1995 3232 4000,
2014 3200 2072 3229 und
2091 3200 2165 3236 seine
2184 3200 2303 3229 Vierecke
2324 3200 2407 3229 litten
2427 3200 2455 3235 so
2474 3200 2564 3235 riesig,
2584 3200 2639 3235 daß
2661 3199 2758 3233 „Regi¬

1921 3242 2027 3270 menter
2043 3240 2235 3276 Kompagnien
2251 3240 2392 3270 wurden".
2408 3240 2550 3276 Offenbar
2567 3240 2624 3276 sind
2641 3240 2667 3272 7»
2682 3239 2751 3273 nicht

1921 3281 1946 3313 8,
1964 3280 2082 3310 Vierecke
2102 3280 2332 3315 niedcrgchauen,
2370 3280 2422 3310 wie
2461 3280 2532 3309 denn
2554 3280 2620 3315 auch
2639 3279 2700 3308 dem
2719 3279 2760 3307 69.

1923 3321 1996 3356 seine
2016 3320 2112 3356 zweite
2131 3320 2188 3350 und
2208 3320 2269 3350 dem
2290 3321 2332 3349 95.
2353 3320 2526 3357 schottischen,
2547 3320 2599 3349 da»
2621 3324 2673 3349 von
2695 3320 2762 3348 1016

1923 3361 2092 3396 Bajonetten
2112 3362 2163 3397 auf
2183 3361 2233 3389 150
2253 3360 2372 3397 schmolz,
2391 3361 2466 3397 seine
2484 3360 2665 3396 Hauptfahne
2704 3360 2762 3389 ent¬

1924 3401 2007 3437 rissen
2028 3401 2151 3430 wurden.
2188 3400 2286 3430 Somit
2306 3400 2400 3430 wirkte
2419 3401 2471 3429 das
2491 3400 2675 3436 Viereckfeuer
2713 3407 2764 3435 gar

1925 3441 1995 3475 nicht
2034 3442 2061 3477 so
2081 3441 2251 3477 mörderisch,
2271 3441 2343 3470 denn
2364 3441 2409 3471 die
2428 3440 2530 3476 Leichte
2550 3440 2674 3470 Reiterei
2714 3441 2764 3476 auf

1925 3482 1976 3511 den
1996 3482 2120 3517 Flanken
2141 3480 2299 3518 (besonder?
2319 3481 2389 3516 Pire
2409 3481 2519 3517 westlich
2539 3486 2592 3510 von
2612 3481 2765 3512 Goumont,

1926 3522 1977 3552 den
1997 3530 2064 3551 man
2083 3519 2148 3557 stets
2168 3530 2225 3551 nur
2246 3521 2490 3557 „demonstrieren"
2513 3521 2584 3557 läßt)
2605 3521 2661 3550 und
2681 3528 2765 3556 gegen

1925 3562 2042 3595 Blücher
2056 3562 2103 3592 litt
2116 3563 2281 3598 prozentual
2295 3570 2386 3597 genau
2402 3562 2429 3597 so
2442 3562 2506 3591 viel.

1978 3603 2025 3632 Da
2049 3603 2194 3638 Napoleon
2219 3602 2289 3637 nicht
2332 3602 2427 3635 72,000
2471 3602 2630 3638 (CharraS),
2673 3602 2767 3634 74,000

1928 3643 2095 3679 (Honffaye),
2115 3642 2232 3679 sondern
2253 3642 2347 3674 68,600
2368 3642 2461 3671 Mann
2482 3642 2564 3678 besaß
2602 3642 2658 3672 und
2679 3643 2767 3671 davon

1928 3683 2021 3715 16.000
2040 3683 2092 3712 mit
2111 3683 2144 3711 60
2163 3683 2320 3718 Geschützen
2356 3690 2440 3717 gegen
2460 3683 2575 3718 Blücher
2612 3682 2767 3717 abzweigen

1927 3724 2031 3759 mußte,
2052 3723 2101 3759 hat
2123 3723 2292 3758 Wellington
2315 3723 2367 3752 mit
2389 3723 2483 3755 79,000
2505 3730 2589 3757 gegen
2612 3723 2706 3755 52,600
2724 3730 2767 3757 ge-

1927 3763 2031 3799 kämpft
2067 3763 2124 3793 und
2144 3763 2219 3793 wäre
2238 3764 2301 3799 trotz
2321 3763 2410 3799 seiner
2428 3763 2622 3796 vorbildlichen
2659 3762 2768 3792 Stand¬

1926 3803 2071 3839 haftigkeit
2089 3811 2160 3839 ganz
2179 3804 2256 3840 sicher
2275 3803 2336 3833 dem
2355 3804 2406 3839 erst
2423 3803 2487 3839 halb
2507 3804 2523 3831 8
2542 3803 2600 3839 Uhr
2618 3803 2768 3839 beginnen¬

1927 3844 1979 3874 den
2001 3844 2183 3879 Gardesturm
2204 3845 2323 3879 erlegen,
2345 3848 2424 3874 toenn
2446 3843 2516 3878 nicht
2535 3859 2571 3864 —
2591 3843 2634 3874 die
2655 3843 2768 3879 frischen

1930 3884 2074 3919 „Belgier"
2097 3884 2144 3914 der
2163 3884 2291 3920 Division
2313 3883 2408 3920 ChassL
2428 3884 2456 3919 so
2476 3883 2588 3920 Große»
2625 3883 2769 3918 vollbracht

1927 3924 2033 3960 hätten,
2056 3924 2108 3954 wie
2130 3924 2229 3961 unsere
2251 3924 2397 3960 belgischen
2420 3924 2545 3954 Autoren
2570 3924 2677 3960 fabeln!
2702 3923 2768 3953 Nun

1929 3965 1962 4000 ist
1980 3965 2084 4001 freilich
2100 3964 2203 4000 richtig,
2219 3964 2272 4000 daß
2287 3964 2331 3993 die
2346 3964 2448 3994 Briten
2481 3965 2545 3999 auch
2576 3964 2637 4000 hier
2669 3964 2770 3995 wieder

1928 4005 2099 4041 schwindeln.
2137 4005 2214 4039 Nicht
2234 4013 2272 4033 an
2294 4004 2503 4040 Gardebrigade
2525 4004 2670 4034 Maitland
2692 4004 2770 4043 brach

1928 4045 1975 4081 sich
1987 4045 2036 4075 der
2049 4045 2164 4078 Sturm,
2178 4045 2250 4075 denn
2264 4045 2346 4074 deren
2361 4045 2450 4075 Salve
2465 4046 2516 4081 auf
2530 4045 2653 4081 zwanzig
2663 4044 2770 4079 Schritt

1929 4087 2002 4122 warf
2024 4090 2099 4121 zwar
2119 4085 2163 4116 die
2184 4085 2384 4121 Vorderstaffel
2405 4085 2453 4114 der
2474 4085 2499 4114 8.
2521 4084 2769 4120 Gardechauffeur»

1929 4127 2054 4162 anfangs
2076 4126 2178 4162 zurück,
2200 4126 2225 4155 4.
2248 4125 2396 4162 Chasseur»
2419 4125 2484 4155 aber
2506 4125 2601 4160 jagten
2624 4124 2769 4154 Maitland

1929 4165 1960 4195 in
1979 4165 2061 4196 wild«
2079 4165 2184 4201 Flucht,
2203 4169 2263 4196 wa»
2282 4166 2411 4202 englisch«
2430 4165 2619 4201 Wendungen,
2639 4165 2692 4201 daß
2712 4165 2770 4200 ihre

1929 4205 2045 4236 Garden
2071 4206 2117 4236 „in
2140 4205 2322 4236 bedeutender
2345 4205 2518 4241 Unordnung
2543 4206 2582 4235 im
2605 4205 2770 4241 Laufschritt

1931 4246 2155 4282 zurückgingen",
2201 4245 2387 4282 diplomatisch
2436 4245 2613 4281 eingestehen.
2662 4245 2768 4281 Ebenso

1930 4286 2056 4316 wankten
2076 4286 2146 4322 nicht
2165 4294 2221 4316 nur
2240 4286 2314 4319 91er,
2333 4286 2450 4322 sondern
2470 4286 2533 4321 auch
2553 4286 2626 4319 52er,
2662 4285 2706 4315 die
2725 4285 2770 4321 sich

1930 4326 2043 4361 nachher
2061 4326 2113 4356 den
2131 4325 2203 4362 Sieg
2222 4326 2391 4362 zusprachen,
2410 4326 2466 4355 und
2486 4326 2612 4355 verloren
2630 4325 2735 4354 binnen
2753 4324 2770 4353 8

1931 4366 2068 4396 Minuten
2083 4366 2135 4395 277
2154 4366 2256 4396 Mann.
2272 4366 2340 4396 Nun
2355 4366 2431 4401 hatte
2448 4370 2523 4401 zwar
2539 4365 2635 4401 ChassL
2652 4365 2697 4401 sich
2716 4364 2769 4394 mit

1930 4406 2086 4443 zehnfacher
2107 4406 2282 4441 Uebermacht
2302 4406 2369 4442 zwei
2390 4405 2655 4435 Gardebataillonen
2677 4406 2768 4439 entge-

1931 4447 2094 4482 gengestellt,
2115 4446 2159 4476 die
2181 4447 2266 4483 sofort
2287 4447 2353 4481 zwei
2393 4445 2490 4474 mürbe
2528 4444 2768 4480 Braunschwelger

1931 4487 2092 4517 Bataillone
2106 4486 2286 4522 wegdrückten
2301 4486 2357 4515 und
2371 4485 2413 4515 bei
2428 4485 2479 4515 den
2494 4485 2595 4514 Briten
2610 4484 2636 4520 so
2651 4483 2767 4520 schlechte

1931 4527 2102 4562 Gegenwehr
2122 4526 2233 4562 fanden,
2253 4526 2306 4562 daß
2325 4525 2446 4560 Brigade
2467 4525 2549 4555 Colin
2569 4524 2677 4560 tzalkett
2696 4531 2767 4559 ganz

1931 4568 1994 4601 wich
2017 4567 2073 4597 und
2096 4567 2163 4602 zwei
2202 4564 2457 4601 Reservebatterien
2497 4564 2604 4593 erobert
2644 4563 2766 4592 wurden.

1931 4606 2044 4642 ChassL»
2060 4606 2186 4642 Rapport
2203 4605 2263 4640 lügt
2280 4604 2346 4634 aber
2362 4604 2503 4640 geradezu,
2521 4611 2550 4632 er
2566 4603 2634 4638 habe
2650 4603 2692 4631 die
2710 4602 2765 4631 bel¬

1931 4646 2012 4683 gische
2033 4646 2156 4681 Brigade
2177 4644 2314 4674 AubremL
2336 4644 2366 4672 in
2388 4644 2504 4680 Reserve
2525 4642 2660 4678 behalten.
2680 4641 2765 4671 Denn

1930 4686 1974 4716 die
1998 4685 2170 4722 französische
2193 4683 2379 4719 Darstellung,
2404 4683 2438 4719 sie
2463 4683 2499 4718 sei
2523 4683 2608 4719 sofort
2631 4681 2765 4718 geflohen,

1930 4725 2057 4761 bestätigt
2082 4726 2128 4762 sich
2154 4724 2231 4759 durch
2257 4723 2316 4757 ihre
2359 4722 2538 4758 Verlustliste,
2581 4721 2765 4757 größtenteils

1933 4764 2174 4803 „Vermißte".Die
2195 4762 2348 4798 umgekehrt
2370 4762 2399 4791 in
2421 4762 2537 4798 Reserve
2558 4761 2678 4797 stehende
2698 4761 2764 4796 Hol-

1928 4804 2277 4841 länderBrigadeDettmer
2292 4802 2363 4838 griff
2373 4806 2447 4837 zwar
2456 4801 2513 4836 jetzt
2523 4801 2656 4838 ernsthaft
2667 4801 2766 4832 an.wt«

1933 4847 1976 4882 ihr
1993 4846 2103 4880 Verlust
2121 4844 2199 4879 lehrt,
2216 4842 2274 4877 doch
2292 4842 2335 4871 die
2352 4841 2517 4877 Hauptsache
2536 4842 2577 4871 tat
2596 4841 2655 4876 ihre
2672 4841 2766 4879 frisch«

1930 4886 2058 4917 Batterie
2075 4885 2194 4915 Kramer
2232 4882 2314 4918 (irrig
2336 4881 2491 4917 „Smissen"
2513 4886 2566 4911 von
2585 4881 2658 4911 allen
2677 4881 2766 4917 Hisw-

1930 4926 2020 4956 rikern
2035 4924 2164 4961 getauft),
2179 4922 2222 4952 die
2237 4922 2287 4959 auf
2302 4921 2402 4956 nächste
2417 4921 2494 4957 Nähe
2509 4922 2540 4950 in
2556 4921 2599 4952 die
2614 4921 2767 4957 schwachen,

1930 4966 2030 4994 müden
2055 4962 2277 4999 Gardehäuflein
2301 4961 2553 4998 hineinkartäschte.
2595 4962 2665 4997 Auch
2707 4961 2768 4992 die»

1928 5005 1994 5034 aber
2013 5003 2066 5039 gab
2087 5003 2181 5032 keinen
2219 5002 2404 5037 Umschwung,
2442 5002 2559 5038 sondern
2596 5002 2688 5039 einzig
2726 5003 2770 5033 die

1928 5042 2097 5079 deutsch«
2116 5042 2202 5079 Hilf«.
2221 5041 2353 5077 Nachdem
2373 5042 2490 5078 nämlich
2509 5048 2593 5079 zuvor
2613 5043 2657 5073 die
2678 5043 2772 5081 fttsch«

1927 5082 2122 5119 hannoversche
2136 5082 2260 5118 Brigade
2277 5082 2319 5113 W.
2336 5083 2445 5119 Halkett
2463 5083 2519 5113 und
2536 5083 2773 5121 LegionSbrigad«

1927 5122 2038 5159 Duplat
2055 5122 2115 5153 drei
2132 5122 2227 5159 bisher
2246 5123 2339 5160 frische
2356 5124 2501 5159 Brigaden
2519 5124 2635 5159 Reille»,
2652 5124 2697 5157 die
2714 5124 2774 5162 Retz

1929 5162 1986 5199 jetzt
2008 5163 2120 5200 loSließ,
2139 5163 2312 5199 vernichtend
2334 5164 2503 5201 abschlugen,
2542 5165 2616 5195 blieb
2637 5165 2682 5196 die
2703 5165 2776 5196 link«

1930 5202 2034 5240 Flank«
2055 5203 2104 5234 de»
2127 5203 2328 5240 «ardesturm»
2351 5205 2476 5242 entblößt
2500 5205 2556 5237 und
2581 5206 2627 5237 ein
2650 5206 2775 5243 schrecklt-

1930 5244 1986 5279 che»
2005 5244 2140 5281 deutsche»
2159 5245 2333 5282 Kreuzfeuer
2351 5246 2410 5283 traf
2430 5246 2494 5282 auch
2513 5246 2556 5277 die
2575 5246 2776 5284 Borderstaffel

1932 5284 1971 5315 im
1989 5284 2101 5315 Rücken.
2143 5285 2187 5322 In
2211 5286 2255 5317 die
2279 5286 2363 5322 rechte
2387 5286 2492 5323 Flanke
2516 5287 2582 5318 aber
2623 5287 2776 5317 donnerten

1931 5325 2046 5362 plötzlich
2065 5326 2099 5355 32
2119 5325 2257 5364 Geschütze
2277 5327 2392 5363 Zieten»
2430 5328 2486 5358 und
2506 5327 2777 5367 Brandenburtzisch«

2792 1115 2941 1151 Dragoner
2960 1116 3048 1145 ritten
3068 1123 3114 1147 an,
3134 1116 3262 1151 während
3281 1117 3386 1146 Erlon»
3405 1118 3502 1151 rechter
3522 1119 3623 1154 Flügel

2793 1157 2838 1191 sich
2858 1156 2888 1184 in
2908 1156 2999 1189 Panik
3018 1156 3173 1191 entscharte,
3191 1156 3270 1190 durch
3289 1157 3417 1192 plötzliche
3435 1158 3558 1194 Ankunft
3577 1158 3624 1187 der

2793 1196 2926 1232 Preußen
2946 1196 3009 1230 auch
3031 1205 3067 1225 an
3088 1196 3174 1231 dieser
3195 1197 3294 1228 Stelle,
3313 1197 3441 1231 während
3463 1198 3513 1232 seit
3532 1199 3548 1225 5
3569 1198 3625 1233 Uhr

2793 1236 2876 1266 deren
2893 1236 2991 1265 wilder
3007 1236 3110 1272 Kampf
3125 1236 3169 1265 bei
3186 1236 3353 1271 Piancenoit
3370 1237 3409 1265 im
3427 1237 3527 1266 Rücken
3546 1238 3625 1271 tobte,

2794 1285 2844 1311 zur
2864 1277 3070 1312 Verzweiflung
3090 1277 3220 1312 gebracht.
3241 1277 3293 1306 Al»
3314 1278 3345 1305 18
3367 1277 3499 1306 Minuten
3520 1278 3583 1311 nach
3602 1278 3626 1309 8.

2794 1317 2875 1352 (nicht
2895 1318 2912 1346 8
2932 1317 3065 1346 Minuten
3086 1322 3135 1346 vor
3154 1318 3181 1352 8)
3219 1317 3263 1347 die
3284 1318 3413 1347 Mittlere
3433 1318 3527 1347 Garde
3564 1323 3626 1347 vom

2794 1357 2916 1392 Plateau
2936 1358 2983 1386 in»
3002 1357 3058 1386 Tal
3078 1358 3149 1392 wich,
3168 1357 3263 1392 hatten
3282 1358 3326 1387 die
3344 1358 3445 1387 Briten
3465 1358 3563 1393 wenig,
3582 1358 3626 1387 die

2794 1397 2994 1426 Niederländer
3014 1398 3076 1432 noch
3097 1398 3218 1433 weniger
3239 1398 3308 1433 dazu
3330 1398 3517 1433 beigetragenl

2845 1437 2901 1466 Die
2925 1438 3076 1473 angebliche
3100 1438 3334 1473 Schlußoffenstve
3359 1438 3542 1473 Wellington»
3566 1443 3626 1468 war

2794 1477 2856 1507 «ine
2870 1478 2964 1513 Farce,
2976 1486 3032 1506 nur
3047 1477 3096 1509 10.,
3111 1478 3152 1506 18.
3165 1477 3302 1513 Husaren,
3315 1479 3357 1506 11.
3370 1478 3518 1513 Dragoner
3531 1484 3626 1507 waren

2795 1518 2857 1552 noch
2880 1518 2958 1554 frisch
2980 1517 3035 1546 und
3060 1518 3212 1553 verfolgten
3236 1518 3280 1546 bi»
3303 1518 3503 1550 Bellealliance,
3526 1519 3627 1553 ginge»

2796 1558 2862 1587 aber
2878 1557 2940 1586 dort
2958 1558 3010 1586 mit
3028 1558 3157 1593 schweren
3175 1557 3319 1591 Verlusten
3338 1558 3428 1593 zurück
3447 1558 3501 1592 (die
3519 1558 3560 1586 18.
3570 1558 3627 1593 Hu¬

2796 1599 2877 1633 saren
2891 1598 3018 1627 verloren
3050 1597 3132 1627 alle
3146 1598 3294 1633 Offiziere)
3328 1598 3384 1627 und
3397 1606 3453 1627 nur
3467 1599 3518 1627 da»
3532 1598 3627 1627 O»na-

2796 1638 2900 1667 brücker
2919 1638 3140 1673 Milizbataillon
3159 1638 3210 1674 fiel
3228 1638 3274 1667 ein
3291 1638 3452 1672 weichende»
3469 1638 3573 1668 Viereck
3581 1646 3628 1667 an.

2795 1678 2851 1708 Die
2865 1678 2996 1711 wirkliche
3008 1678 3073 1708 Alte
3085 1678 3188 1710 Garde,
3202 1678 3283 1707 deren
3298 1679 3322 1706 1.
3335 1678 3629 1713 Grenadierregiment

2797 1718 2854 1747 und
2872 1720 2884 1747 l
2904 1720 2929 1746 1.
2953 1718 3101 1753 Chasseur«
3115 1718 3230 1753 heroisch
3246 1718 3299 1747 alle
3313 1718 3484 1754 preußischen
3499 1718 3630 1753 Angrifft

2797 1758 2965 1794 abschlugen,
2980 1758 3073 1788 bekam
3087 1767 3107 1787 n
3118 1767 3137 1787 u
3146 1766 3162 1787 r
3177 1759 3231 1787 mit
3245 1758 3375 1793 Preufftn
3392 1766 3425 1793 zu
3442 1759 3500 1790 tun,
3516 1758 3558 1787 die
3574 1758 3631 1793 jetzt

2797 1799 2862 1834 nach
2881 1798 3066 1834 beispielloser
3086 1798 3279 1834 Anstrengung
3300 1807 3346 1827 am
3367 1799 3417 1830 16.,
3437 1799 3487 1830 17.,
3508 1798 3549 1826 18.
3586 1798 3631 1833 sich

2798 1839 2860 1870 noch
2882 1839 2944 1874 jene
2984 1839 3094 1875 rastlose
3117 1839 3292 1875 Verfolgung
3314 1839 3464 1873 abrangen,
3504 1839 3632 1872 während

2799 1879 2985 1915 Wellington»
3006 1880 3080 1915 Heer
3101 1879 3216 1915 schlafen
3238 1878 3312 1914 ging.
3334 1879 3390 1908 Die
3412 1878 3506 1908 Garde
3529 1878 3630 1912 „starb"

2798 1920 2932 1954 durchaus
2953 1919 3031 1954 nicht,
3051 1919 3167 1956 sondern
3187 1919 3246 1948 kam
3267 1919 3319 1948 mit
3339 1919 3432 1950 14,000
3452 1919 3632 1948 Streitbaren

2799 1960 2833 1987 72
2851 1960 3007 1995 Geschützen
3027 1960 3092 1993 nach
3121 1959 3211 1993 Pari»
3233 1959 3352 1995 (Bericht
3371 1960 3420 1988 de»
3441 1960 3633 1994 Rapporteur»

2800 2000 2848 2029 der
2877 2000 3206 2034 Deputiertenkammer).
3252 2000 3394 2034 Napoleon
3424 2000 3516 2029 verlor
3563 2001 3634 2028 etwa

2799 2041 2895 2072 22,000
2915 2040 2984 2070 Tote
3006 2040 3061 2069 und
3084 2039 3275 2072 Verwundete,
3313 2040 3382 2068 6000
3421 2040 3582 2075 Gefangene
3599 2054 3635 2061 —

2799 2080 3011 2116 wahrscheinlich
3030 2081 3108 2116 meist
3125 2080 3318 2112 Verwundete,
3337 2080 3395 2115 also
3415 2080 3484 2115 nicht
3504 2081 3581 2115 extra
3600 2087 3633 2115 zu

2799 2122 2910 2153 rechnen
2927 2136 2970 2153 —.
3005 2121 3120 2155 Blücher
3137 2121 3207 2149 0200
3242 2120 3323 2155 (nicht
3341 2120 3429 2155 7000),
3466 2120 3634 2154 Wellington

2798 2161 2901 2194 21,000,
2922 2162 2973 2191 wie
2994 2169 3059 2190 man
3083 2161 3179 2197 früher
3200 2161 3295 2196 richtig
3316 2161 3416 2195 angab,
3437 2169 3485 2189 um
3507 2163 3537 2189 e»
3558 2160 3635 2188 dann

2799 2203 2849 2237 auf
2873 2202 2973 2233 17,065,
2997 2201 3098 2233 15,600,
3120 2201 3222 2235 endlich
3243 2209 3295 2235 gar
3317 2200 3411 2232 12,700
3434 2200 3634 2235 (Lettow-Bor-

2798 2242 2870 2276 deck),
2892 2242 2985 2272 10,600
3006 2242 3098 2277 (Rose)
3120 2249 3155 2277 zu
3175 2241 3346 2277 ermäßigen.
3366 2241 3437 2275 Nach
3458 2241 3572 2276 unserer
3591 2247 3635 2275 ge-

2799 2290 2892 2311 nauen
2907 2281 3135 2317 Durchrechnung
3150 2282 3276 2311 verloren
3293 2281 3359 2310 aber
3374 2280 3418 2310 die
3432 2280 3535 2310 Briten
3550 2280 3636 2310 allein

2799 2322 2893 2353 10,600
2930 2322 3025 2357 (daher
3046 2322 3117 2356 diese
3137 2322 3261 2357 Rosesche
3281 2320 3533 2356 Scbwindelziffer)
3573 2320 3637 2355 statt

2798 2363 2867 2390 7200
2886 2362 2951 2391 oder
2970 2362 3047 2394 6500,
3086 2361 3145 2393 ihre
3166 2361 3305 2396 deutschen
3325 2361 3542 2396 Waffenbrüder
3561 2360 3639 2388 7000.

2798 2402 2846 2432 Da
2865 2403 2905 2432 im
2923 2410 3028 2437 ganzen
3048 2402 3144 2434 75,000
3161 2401 3294 2436 Deutsche
3329 2402 3431 2437 fochten
3451 2401 3508 2430 und
3545 2400 3639 2432 16,000

2798 2443 2935 2475 verloren,
2952 2443 2984 2477 ist
2999 2443 3058 2479 also
3076 2442 3250 2473 „Waterloo"
3267 2456 3304 2464 —
3320 2441 3390 2478 sonst
3405 2441 3453 2476 hat
3471 2441 3639 2476 Wellington

2798 2484 2846 2513 nie
2864 2483 2926 2512 eine
2951 2483 3074 2517 Schlacht
3099 2482 3163 2517 nach
3207 2482 3310 2517 seinem
3354 2482 3577 2517 Hauptquartier
3596 2481 3639 2510 be-

2799 2524 2901 2555 nannt,
2915 2522 2959 2553 die
2974 2522 3035 2558 böse
3052 2522 3162 2558 Absicht.
3177 2522 3294 2557 Blücher
3308 2521 3360 2552 den
3376 2521 3572 2557 SiegeSanteil
3605 2529 3641 2557 zu

2801 2563 2917 2595 rauben,
2932 2563 2999 2598 liegt
3015 2562 3073 2593 klar
3087 2563 3184 2598 zutage
3199 2578 3235 2583 —
3248 2561 3310 2596 eine
3324 2561 3495 2597 deutsche
3509 2561 3642 2596 Schlacht.

2801 2603 2864 2632 Rur
2883 2603 2998 2636 Blücher
3017 2603 3088 2638 griff
3106 2610 3153 2634 an.
3172 2602 3302 2637 entschied
3322 2602 3379 2631 und
3399 2602 3487 2637 siegte.
3508 2602 3576 2637 Ihm
3597 2609 3640 2637 ge-

2803 2643 2924 2678 genüber
2937 2644 3104 2678 entfalteten
3117 2642 3162 2672 die
3174 2642 3292 2672 Garden
3305 2642 3362 2671 und
3377 2642 3487 2671 Lobau»
3503 2642 3643 2677 schwache»

2804 2683 2927 2719 Fußvolk
2942 2683 2988 2718 (85
3001 2683 3125 2717 Prozent
3140 2683 3324 2716 Blutverlust)
3339 2682 3510 2716 beispiellose
3525 2682 3643 2715 Tapfer¬

2806 2723 2867 2755 keit,
2880 2723 3008 2753 verloren
3021 2723 3090 2752 5000
3104 2722 3173 2752 Tot«
3188 2722 3245 2751 und
3259 2722 3444 2752 Verwundete
3459 2722 3535 2756 (Alte
3549 2722 3645 2751 Garde

2806 2763 2868 2794 dort
2887 2764 2920 2791 47
2937 2762 3087 2799 Offiziere)
3108 2762 3151 2792 bei
3169 2762 3338 2797 Plcmrenoit
3372 2762 3429 2791 und
3449 2762 3495 2792 ein
3513 2763 3564 2797 gut
3581 2762 3646 2791 Teil

2806 2804 2941 2840 sonstigen
2959 2803 3102 2838 Verluste»
3120 2803 3153 2837 ist
3171 2803 3223 2839 auf
3239 2802 3284 2832 die
3300 2802 3454 2838 preußische
3472 2802 3646 2838 Verfolgung

2806 2851 2840 2879 zu
2860 2843 2980 2878 rechnen,
2998 2843 3076 2878 sicher
3094 2843 3164 2871 5000
3181 2842 3354 2879 Gefangene,
3390 2842 3434 2871 bei
3453 2842 3564 2877 Verlust
3599 2843 3646 2871 der

2806 2883 2942 2913 Mittlern
2964 2882 3060 2913 Garde
3084 2883 3131 2918 (78
3152 2882 3304 2919 Offiziere)
3346 2888 3440 2912 waren
3480 2883 3543 2916 auch
3583 2882 3645 2918 Zie¬

2805 2925 2869 2952 ten»
2886 2923 3018 2959 Preußen
3036 2923 3171 2958 beteiligt.
3188 2922 3236 2952 Da
3252 2923 3370 2957 Blücher
3387 2931 3444 2952 nur
3459 2923 3493 2951 50
3510 2923 3645 2958 Geschütze

2803 2963 2935 2995 eroberte,
2950 2963 2982 2998 ist
2997 2963 3184 2998 Wellington»
3199 2963 3322 2998 Angabe,
3335 2971 3375 2993 er
3389 2963 3456 2997 habe
3472 2963 3522 2991 150
3535 2971 3644 2998 genom¬

2803 3010 2875 3035 men,
2901 3002 2949 3032 der
2975 3002 3112 3038 Sachlage
3138 3003 3203 3038 nach
3232 3003 3451 3039 schwindelhafte
3477 3003 3644 3038 Unmöglich-

2803 3042 2863 3072 kelt.
2880 3041 3002 3072 Vivian»
3020 3042 3118 3072 Reiter
3136 3042 3257 3077 nahmen
3275 3045 3348 3073 etwa
3364 3044 3408 3075 20.
3424 3044 3489 3073 Vier
3509 3043 3582 3080 lasen
3601 3044 3643 3072 bet

2802 3081 2842 3112 La
2862 3082 2938 3117 Haye
2956 3082 2989 3111 12
3008 3082 3145 3118 Geschütze
3163 3084 3223 3120 auf.
3241 3083 3294 3112 da»
3312 3084 3346 3117 ist
3362 3084 3473 3119 alle»»).

2857 3121 2929 3152 Weil
2950 3123 2995 3152 ein
3016 3122 3162 3153 Londoner
3182 3123 3438 3159 Oppositionsblatt
3458 3124 3569 3153 damals
3590 3127 3643 3153 au»

2804 3162 2938 3192 Ranküne
2956 3162 3008 3192 den
3026 3163 3134 3199 Unsinn
3152 3163 3260 3199 schrieb,
3278 3164 3447 3198 Wellington
3468 3164 3557 3195 „wäre
3575 3165 3643 3196 ohne

2804 3202 2847 3232 die
2862 3202 2990 3237 heroische
3005 3203 3134 3239 Haltung
3149 3203 3197 3233 der
3210 3204 3325 3239 Belgier
3339 3204 3491 3239 geschlagen
3507 3204 3643 3237 worden",

2803 3242 2902 3272 darum
2916 3243 2963 3278 soll
2976 3243 3021 3278 sich
3035 3243 3114 3277 heute
3127 3244 3188 3273 eine
3202 3252 3271 3273 neue
3283 3244 3410 3279 belgische
3423 3244 3543 3279 Legende
3558 3252 3641 3279 gegen

2806 3282 2848 3311 die
2868 3283 2925 3312 alte
2944 3282 3067 3319 britische
3086 3283 3159 3313 breit
3180 3284 3307 3318 machen?
3331 3284 3392 3314 Wir
3413 3284 3562 3321 verfechten
3581 3284 3641 3321 hier

2806 3321 2849 3352 die
2865 3322 3015 3359 Wahrheit,
3029 3323 3072 3353 die
3086 3324 3104 3353 d
3114 3331 3128 3353 e
3138 3331 3158 3353 u
3167 3325 3178 3353 t
3189 3323 3200 3360 s
3209 3324 3234 3359 ch
3243 3332 3258 3354 e
3273 3324 3427 3360 Wahrheit,

3049 3419 3392 3487 Lokales.

2861 3501 2895 3532 —
2931 3501 3112 3533 Bulletin
3159 3503 3221 3534 der
3262 3504 3535 3540 Stadtpolizei
3585 3510 3643 3535 vom

2811 3543 2852 3572 14.
2871 3541 2957 3578 März.
2992 3542 3036 3578 In
3062 3543 3106 3573 der
3129 3543 3208 3577 Nacht
3235 3549 3294 3574 vom
3315 3547 3355 3575 10.
3375 3546 3422 3580 auf
3439 3545 3486 3575 den
3507 3548 3548 3576 11.
3567 3546 3643 3583 Mär,

2811 3583 2917 3613 wurden
2948 3592 2983 3614 an
3014 3586 3057 3614 der
3083 3584 3259 3615 Albisrieder-
3285 3586 3337 3616 und
3357 3593 3392 3616 an
3411 3587 3454 3616 dcr
3472 3586 3549 3616 obcrn
3568 3586 3644 3622 Hegi-

2811 3624 2953 3657 bachftraße
2972 3624 3054 3661 einige
3074 3625 3255 3656 GaSlaternen
3283 3626 3355 3661 durch
3374 3627 3533 3658 unbekannte
3552 3627 3644 3657 Täter¬

2812 3664 2887 3698 schaft
2921 3665 3063 3697 demoliert.
3100 3666 3288 3698 Mitteilunaen
3325 3669 3419 3698 nimmt
3454 3668 3504 3698 da»
3532 3668 3643 3702 Polizei»

2811 3704 2972 3741 inspektorat,
2991 3707 3152 3741 Peterstratze
3172 3709 3213 3742 10,
3232 3711 3361 3743 entqegen.
3380 3723 3415 3730 —
3433 3708 3494 3738 Da»
3518 3708 3554 3738 im
3573 3708 3643 3738 Kan»

2812 3746 3053 3781 tonsschnlgebäude
3073 3748 3227 3778 entwendete
3242 3748 3308 3778 Velo
3328 3749 3417 3779 konnte
3435 3748 3463 3778 in
3481 3748 3643 3780 Wintertbnr

2812 3787 2916 3816 entdeckt
2933 3788 2986 3817 und
3005 3788 3049 3818 der
3066 3788 3134 3818 Dieb
3153 3788 3246 3818 eruiert
3265 3789 3371 3819 werden.
3390 3804 3424 3810 —
3442 3789 3491 3818 Am
3512 3792 3552 3818 12.
3564 3788 3640 3825 Mär»

2812 3827 2984 3863 nachmittag»
3009 3827 3163 3858 kollidierten
3180 3837 3216 3858 an
3235 3829 3278 3859 der
3296 3828 3481 3863 Seefeldstrabe
3500 3829 3540 3859 ein
3560 3829 3641 3860 Auto-

2813 3869 2866 3898 und
2885 3868 2926 3898 ein
2946 3868 3107 3903 Velofahrer.
3138 3869 3242 3904 Verletzt
3261 3871 3346 3899 wurde
3365 3869 3494 3904 niemand,
3513 3869 3593 3904 jedoch
3612 3870 3642 3904 ist

2813 3908 2854 3938 ein
2873 3908 2991 3941 Schaden
3011 3914 3060 3939 von
3079 3911 3132 3940 250
3149 3909 3194 3945 Fr.
3214 3909 3369 3942 entstanden.
3386 3925 3420 3931 —
3439 3910 3489 3940 Am
3509 3912 3550 3940 18.
3563 3910 3641 3947 Mär»

2813 3948 2898 3979 wurde
2917 3948 2964 3981 auf
2981 3949 3037 3980 dem
3055 3949 3149 3984 Posten
3168 3949 3298 3980 Wiedikon
3324 3950 3366 3980 ein
3385 3950 3533 3985 elfsähriger
3552 3951 3641 3982 Knabe

2812 3989 2977 4025 «tngellesett.
3007 3991 3108 4023 welcher
3127 3990 3210 4022 seinen
3229 3991 3285 4025 hier
3302 3991 3459 4023 wohnenden
3478 3991 3570 4022 Titern
3590 3995 3641 4022 au»

2812 4029 2905 4062 Furcht
2923 4034 2970 4060 vor
2987 4028 3081 4064 Strafe
3100 4030 3233 4064 entlaufen
3252 4035 3316 4062 war.
3353 4031 3390 4062 Er
3417 4037 3473 4062 war
3503 4031 3542 4062 bei
3562 4032 3642 4062 einem

2812 4069 2948 4100 Landwitt
2965 4069 2993 4100 in
3012 4069 3036 4101 A
3038 4070 3139 4102 dlirwil
3156 4071 3186 4102 in
3204 4071 3294 4102 Arbeit
3312 4074 3430 4108 getreten.

2867 4124 2894 4159 ♦)
2919 4123 3108 4160 Bezeichnend,
3131 4124 3185 4162 daß
3209 4124 3341 4155 Marwell
3363 4130 3415 4156 von
3441 4125 3472 4157 „2
3496 4125 3643 4155 Garde-

2813 4159 2926 4189 adlern"
2950 4161 3044 4196 fabelt,
3080 4161 3125 4191 die
3145 4162 3209 4196 nach
3230 4161 3357 4197 Windsor
3376 4161 3497 4197 gebracht
3534 4160 3642 4190 toorden

2814 4195 2896 4232 seien.
2929 4195 2984 4226 Die
3001 4196 3102 4226 Briten
3120 4197 3262 4227 eroberten
3279 4205 3334 4226 nur
3351 4197 3392 4226 die
3410 4197 3493 4226 Adler
3509 4196 3557 4225 de»
3591 4196 3642 4228 45.»

2815 4232 2873 4261 105.
2894 4231 2988 4267 Ligne.
3010 4232 3057 4262 der
3078 4232 3126 4262 de»
3147 4233 3188 4261 45.
3209 4232 3302 4262 wurde
3341 4232 3406 4261 aber
3444 4236 3503 4261 vom
3525 4230 3642 4261 Lancier

2813 4266 2913 4297 Orban
2929 4268 3137 4303 zurückerobert.
3154 4268 3221 4303 Daß
3237 4267 3280 4297 dte
3297 4267 3427 4303 Preußen
3446 4266 3537 4296 keinen
3557 4265 3641 4296 Adler

2813 4304 2979 4336 erbenteten,
3000 4303 3032 4340 ist
3051 4303 3170 4338 dagegen
3192 4304 3307 4338 Irrtum
3329 4302 3487 4338 tzoussaye»,
3507 4301 3641 4337 vielmehr

2813 4339 2874 4369 laut
2907 4339 2954 4369 St.
2970 4339 3078 4373 Hilair«
3094 4338 3145 4368 den
3161 4338 3207 4368 der
3239 4338 3264 4366 2.
3279 4338 3460 4369 Grenadiere,
3492 4337 3517 4366 2.
3533 4337 3640 4366 Garde-

2811 4374 2902 4410 jäger;
2941 4374 3088 4408 außerdem
3126 4373 3299 4409 anscheinend
3320 4373 3401 4403 einen
3439 4373 3485 4402 der
3524 4373 3641 4409 Jungen

2812 4410 2915 4440 Garde.
2927 4425 2963 4432 —
2977 4409 3121 4444 Beiläitttg
3136 4409 3186 4445 fiel
3200 4409 3242 4438 bei
3259 4408 3402 4438 Goumont
3417 4408 3464 4438 der
3479 4408 3507 4438 S
3516 4409 3541 4444 ch
3552 4413 3576 4438 w
3586 4416 3600 4437 e
3611 4408 3621 4437 i
3631 4420 3642 4433 -

2810 4453 2872 4482 -er
2891 4445 2978 4481 Engel
3000 4445 3045 4474 al»
3066 4444 3164 4480 Oberst
3185 4444 3232 4474 de»
3254 4444 3279 4473 4.
3300 4443 3431 4479 Seichten,
3452 4443 3540 4480 dessen
3562 4443 3642 4479 Frau

2810 4481 2927 4520 Regula,
2947 4480 3006 4512 .die
3024 4480 3175 4515 Schweizer
3194 4480 3358 4516 Amazone",
3378 4480 3425 4516 ihn
3446 4479 3493 4510 in»
3512 4479 3580 4514 Felo
3599 4479 3643 4509 b«.

2810 4517 2927 4553 gleitete.
2942 4531 2977 4537 —
3009 4516 3095 4546 Ueber
3110 4515 3153 4546 die
3168 4514 3288 4552 Affären
3304 4515 3371 4551 Netz.
3388 4510 3485 4548 Erlon,
3519 4515 3643 4551 Grouchtz

2810 4551 2952 4587 vergleich«
2973 4559 3038 4582 man
3059 4551 3140 4581 Band
3161 4551 3177 4579 4
3198 4551 3304 4581 meine»
3325 4551 3435 4582 Werke»
3458 4551 3529 4583 „Die
3549 4552 3645 4582 Große

2809 4588 2934 4620 Armee",
2970 4587 3059 4617 worin
3077 4595 3144 4616 man
3164 4587 3209 4623 sich
3228 4587 3291 4622 auch
3311 4587 3379 4617 über
3397 4587 3441 4617 die
3459 4587 3541 4618 naive
3561 4582 3645 4624 Sach,

2810 4624 2893 4654 kund«
2909 4623 2957 4653 de»
2973 4623 3161 4659 verstorbenen
3177 4623 3407 4653 Lettow-Borbeck
3441 4623 3497 4653 und
3514 4623 3561 4653 der
3595 4632 3646 4654 an¬

2809 4659 2876 4689 dern
2899 4659 3049 4702 offiziellen
3074 4659 3331 4695 Militärhistoriker
3373 4659 3421 4690 der
3461 4659 3648 4696 Befreiung»,

2809 4695 2895 4731 kriege
2915 4696 2945 4724 in
2964 4695 3024 4725 dem
3043 4694 3216 4731 preußischen
3235 4694 3533 4731 AeneralftabSverlag
3553 4699 3649 4726 unter-

2809 4731 2909 4765 richten
2931 4739 3004 4766 mag.
3025 4731 3082 4761 Die
3104 4736 3158 4761 von
3181 4731 3249 4767 zwei
3271 4731 3453 4767 Unkundigen
3495 4732 3652 4768 gepriesen«

2809 4767 3015 4803 Ehrenrettung
3040 4767 3227 4803 Wellington»
3269 4767 3348 4803 durch
3389 4768 3652 4806 Pflugk-Harttung

2810 4803 2870 4840 läßt
2891 4803 2936 4840 sich
2957 4803 3189 4841 dokumentarisch
3209 4803 3317 4839 Schritt
3356 4804 3405 4841 für
3426 4804 3532 4840 Schritt
3555 4805 3652 4834 wider¬

2811 4840 2898 4875 legen.
2921 4839 3076 4876 Uebrigen»
3099 4840 3133 4876 ist
3156 4840 3220 4876 auch
3244 4834 3397 4876 Houssayr»
3439 4840 3653 4875 verdienstliche»

2812 4875 2911 4908 .1815"
2946 4877 3114 4911 ketneSweg»
3146 4876 3340 4913 abschließend,
3373 4876 3424 4906 wie
3440 4876 3565 4906 Mounod
3598 4875 3654 4905 und

2810 4915 2983 4947 BrunetiLre
3003 4916 3125 4950 meinen,
3145 4916 3263 4954 sondern
3284 4917 3391 4952 enthält
3411 4917 3558 4954 besonder»
3579 4916 3653 4952 stati¬

2812 4952 2883 4991 stisch
2903 4952 3013 4990 schwere
3033 4953 3193 4990 Jrrtümer,
3230 4953 3283 4983 wte
3302 4953 3355 4984 wir
3376 4953 3439 4989 nach
3478 4952 3654 4983 Martinien»

2814 4984 3026 5025 Archivtabtaeu
3047 4989 3104 5019 und
3125 4990 3174 5020 St.
3194 4990 3350 5025 Chamont»
3373 4989 3443 5021 .Die
3465 4989 3536 5025 letzte
3557 4988 3655 5017 Arme«

2815 5029 2992 5066 Napoleon»"
3017 5030 3161 5067 beweisen.
3202 5030 3287 5060 Denn
3312 5030 3364 5060 wie
3388 5030 3478 5059 meine
3503 5028 3656 5065 Forschung

2819 5067 2946 5102 .Aspern
2969 5066 3026 5097 und
3050 5067 3185 5102 Wagram
3209 5066 3239 5096 in
3263 5074 3349 5097 neuer
3372 5065 3557 5100 Beleuchtung
3614 5063 3657 5094 die

2818 5105 2962 5143 Legenden
2978 5112 3032 5137 von
3050 5107 3119 5136 1309
3135 5107 3230 5137 derart
3247 5106 3383 5143 zerftürt«,
3400 5106 3454 5142 daß
3471 5106 3514 5136 di«
3531 5105 3656 5140 neuesten

2818 5146 3040 5188 österreichischen
3095 5146 3353 5182 Milttärhiktoriker
3387 5144 3657 5181 «tnder-Kriglstetn

2820 5183 2877 5213 und
2896 5183 2974 5219 tzorn
2994 5178 3051 5218 ihre
3070 5183 3160 5220 jetzige
3177 5182 3356 5219 Darstellung
3375 5182 3478 5218 darauf
3497 5181 3613 5218 stützten,
3630 5179 3658 5217 ft

2819 5222 2887 5260 Hab«
2904 5223 2941 5262 ich
2957 5224 3020 5262 auch
3038 5223 3106 5253 über
3122 5223 3273 5256 vorodtno,
3289 5223 3456 5259 Dennewttz.
3473 5222 3584 5258 Leipzig
3602 5219 3657 5251 und

2821 5260 2888 5289 1814
2912 5259 3025 5296 vielfach
3048 5262 3135 5289 neue»
3159 5259 3231 5294 Licht
3254 5259 3410 5290 verbretftn
3435 5257 3540 5295 müssen
3581 5255 3657 5292 durch

2820 5296 2882 5327 eine
2898 5297 2949 5333 auf
2965 5295 3095 5332 Statistik
3113 5295 3168 5326 und
3184 5294 3358 5326 Dokumenft
3373 5294 3494 5331 gestützt«
3511 5293 3591 5324 Kette
3606 5297 3658 5323 von

2820 5326 3037 5363 Divinaüonrn.
