1993 2362
1550 244 1599 314 7
1646 241 1693 309 9
1744 247 1808 299 o.

1512 418 1899 525 eitunt

1526 623 1590 662 n.
1622 606 1854 668 Hornung.

371 848 735 895 Frankreich.
1033 852 1104 878 neue
1127 842 1345 880 Konstimzion,
1368 841 1427 872 »md
1442 837 1541 876 heiffes
1559 835 1750 874 Verlangen,
1759 832 1883 872 'Frank

162 894 293 939 Parier
325 902 406 928 vom
434 899 514 931 zeen
536 886 725 931 HornanA.
774 887 841 923 Der
864 885 982 925 gestrige
1033 886 1108 920 reich
1125 884 1231 921 Ruhe,
1256 879 1349 918 Glück
1364 881 1423 913 und
1436 876 1610 914 Wohlstand
1622 882 1654 913 zu
1668 872 1884 913 verschaffen!»

124 937 194 975 Tag
219 945 282 969 war
306 933 355 972 für
372 933 417 967 die
437 932 557 971 Pariser
580 936 638 964 unv
656 926 837 963 vornämlich
861 925 908 963 für
936 927 981 958 die
1034 925 1092 960 Ein
1109 923 1342 960 Enthusiasmus,
1368 919 1547 956 vernichtzu
1558 914 1730 952 beschreiben
1752 913 1799 949 ist,
1823 921 1886 946 ver-

125 976 252 1014 Stände
271 975 317 1008 ein
337 975 399 1012 sehr
415 973 580 1012 feyerlicher
602 970 683 1008 Tag.
723 969 790 1004 Der
808 965 908 1005 König
917 965 982 999 kam
1033 965 1151 998 breitete
1168 962 1220 1000 sich
1245 963 1315 995 nach
1334 960 1421 996 dieser
1449 958 1565 993 Anrede
1579 955 1654 992 nicht
1673 961 1730 987 nur
1750 952 1821 986 über
1836 952 1883 986 die

124 1017 157 1051 in
176 1018 220 1050 die
241 1015 475 1052 Versammlung
495 1013 544 1043 der
563 1007 709 1045 Stände,
732 1008 791 1039 und
818 1006 874 1043 gab
896 1007 926 1038 in
945 1005 984 1037 ei.
1034 1011 1121 1042 ganze
1149 1000 1380 1039 Versammlung
1404 999 1454 1031 der
1483 996 1626 1032 Stände,
1661 994 1782 1030 sondern
1808 993 1885 1031 auch

126 1065 178 1091 ner
193 1056 335 1090 Anrede,
358 1054 405 1086 die
429 1063 468 1084 ro
484 1051 630 1086 Minuten
650 1049 787 1083 dauerte,
810 1039 883 1083 seine
906 1046 983 1082 Bey.
1034 1042 1165 1076 überein
1187 1039 1380 1078 unzählbares
1394 1037 1487 1074 Volk,
1512 1037 1568 1069 das
1581 1032 1645 1071 auf
1656 1036 1710 1067 den
1729 1033 1882 1069 Gallerten

128 1096 288 1135 Kimmung
302 1101 336 1134 zu
351 1095 400 1127 der
416 1099 474 1126 von
490 1091 572 1128 ihren
582 1087 779 1124 entworfenen
794 1093 886 1118 neuen
903 1085 995 1119 Kon,'
1034 1084 1122 1119 dieser
1143 1081 1260 1119 äusserst
1271 1078 1433 1118 rührenden
1451 1079 1553 1112 Scene
1570 1075 1750 1112 beywohnte.
1786 1073 1884 1109 Rach»

126 1137 270 1177 stituziön.
324 1135 369 1171 Er
394 1130 505 1167 drückte
529 1129 580 1168 sich
609 1128 670 1166 sehr
699 1127 758 1160 edel
776 1127 835 1159 und
854 1123 981 1163 rührend
1034 1125 1100 1157 dem
1118 1123 1167 1155 der
1190 1118 1295 1159 Könige
1307 1122 1360 1151 den
1381 1118 1469 1154 Saal
1491 1115 1627 1154 verlassen
1647 1115 1747 1152 hatte,
1764 1113 1885 1149 verordr

125 1178 197 1211 ans.
240 1175 357 1212 »Man
383 1173 458 1207 kann
481 1173 538 1204 mir
561 1170 592 1203 in
610 1169 724 1201 meinen
751 1166 871 1202 Leiden,
905 1164 982 1203 sagte
1035 1166 1117 1196 neteu
1142 1162 1189 1194 die
1206 1159 1332 1197 Stände
1348 1158 1405 1195 aus
1416 1161 1462 1190 der
1478 1156 1598 1193 Stelle,
1621 1153 1680 1192 daß
1693 1153 1754 1187 eine
1776 1151 1882 1189 Depw
1899 1172 1916 1178 -

125 1225 157 1252 er
180 1219 267 1250 unter
284 1215 418 1251 andern,
439 1210 539 1245 keinen
564 1208 673 1246 bessern
687 1206 776 1243 Trost
793 1206 906 1245 geben,
932 1205 982 1236 als
1034 1201 1170 1238 tatschaft
1191 1202 1256 1233 dem
1274 1196 1373 1238 König
1391 1199 1451 1230 und
1474 1198 1523 1229 der
1542 1193 1700 1233 Königinn
1715 1194 1763 1225 die
1781 1193 1883 1230 Gesin»

125 1258 182 1293 den
202 1268 217 1293 f
236 1262 323 1288 wenn
341 1261 413 1287 man
430 1251 506 1286 mich
529 1249 693 1286 versichert,
728 1246 783 1283 daß
808 1245 881 1281 mich
903 1243 981 1276 mein
1035 1249 1152 1281 nungen
1177 1243 1226 1273 des
1244 1239 1367 1276 Dankes
1387 1240 1445 1270 und
1467 1237 1518 1270 der
1536 1234 1648 1273 Freude
1664 1232 1801 1271 bezeugen
1821 1232 1883 1269 soll,

127 1296 219 1337 gutes
234 1293 316 1330 Volk
338 1292 420 1326 liebt.
462 1289 524 1330 Ich
550 1289 645 1321 werde
674 1286 735 1319 also
760 1285 832 1318 seine
847 1283 983 1319 konsttiu.
1034 1285 1063 1315 te
1082 1300 1092 1316 ,
1123 1280 1169 1313 die
1196 1280 1282 1316 ihnen
1318 1277 1406 1315 dieser
1436 1275 1564 1313 Austritt
1598 1273 1759 1309 verursacht
1789 1270 1881 1306 hätte,

123 1336 241 1377 ziouelle
262 1332 397 1373 Freyhetl
410 1329 604 1367 vertheidigen
623 1328 683 1359 und
706 1324 888 1362 handhaben.
920 1322 981 1363 Ich
1035 1321 1168 1361 Hieraus
1186 1320 1299 1357 brachte
1320 1319 1397 1357 Herr
1422 1316 1534 1356 Goupil
1559 1316 1593 1346 de
1617 1313 1735 1352 Prefeln
1758 1312 1788 1346 in
1800 1312 1881 1348 Vor.

124 1377 222 1412 werde
241 1374 314 1411 noch
333 1372 421 1410 mehr
438 1370 523 1408 thun.
564 1367 625 1408 Ich
654 1367 769 1402 werde,
791 1363 903 1396 vereint
927 1363 983 1395 mit
1035 1362 1153 1401 schlag,
1176 1359 1232 1397 daß
1247 1361 1278 1391 es
1294 1359 1324 1391 in
1342 1359 1406 1390 dem
1421 1352 1625 1395 Augenblicke,
1646 1353 1677 1386 in
1690 1352 1823 1389 welchem
1834 1351 1883 1385 dik

123 1417 175 1451 der
197 1412 368 1454 Königinn,
400 1413 445 1444 die
468 1418 506 1442 an
527 1410 603 1442 allen
628 1408 743 1440 meinen
774 1404 980 1441 Gesinnungen
1034 1408 1123 1441 ganze
1138 1398 1340 1438 Konstituzion
1372 1397 1432 1429 eine
1456 1398 1485 1431 so
1501 1394 1646 1432 feyerlichr
1664 1391 1818 1429 Sanktion
1838 1399 1880 1424 er,

124 1457 215 1495 Theil
230 1456 357 1492 nimmt,
379 1459 429 1490 zur
442 1454 533 1489 guten
543 1449 673 1484 Stunde
689 1448 741 1478 den
754 1443 836 1481 Geist
853 1445 912 1476 und
925 1443 982 1475 bas
1034 1442 1131 1479 halten
1147 1438 1247 1477 hätte,
1269 1436 1429 1473 allerdings
1450 1431 1584 1474 schicklich
1604 1431 1702 1467 wäre,
1728 1432 1807 1465 einen
1820 1432 1878 1468 Eid

125 1498 201 1538 Herz
221 1495 332 1529 meines
354 1490 467 1528 Sohns
484 1498 523 1522 an
542 1489 587 1522 die
608 1494 679 1521 neue
695 1492 752 1519 von
776 1488 829 1517 den
852 1481 983 1519 llmstän,
1033 1489 1065 1520 zu
1077 1479 1179 1517 leisten,
1190 1480 1307 1514 welcher
1321 1478 1374 1510 alle
1385 1475 1545 1516 Franzosen
1555 1481 1592 1506 an
1602 1472 1670 1509 diese
1679 1472 1878 1510 Konstituzion

125 1538 180 1571 den
204 1532 440 1575 herbeygeführte
452 1531 607 1567 Ordnung
629 1530 680 1559 der
691 1526 795 1564 Dinge
809 1520 977 1564 gewöhnen,
1034 1522 1137 1555 binden
1150 1518 1257 1559 müßte.
1280 1514 1535 1556 DieFormuldeS
1550 1513 1640 1550 EideS
1654 1510 1856 1551 warfolgende
1866 1517 1882 1545 r

124 1577 187 1617 Ich
219 1577 312 1608 werde
335 1574 388 1612 ihn
416 1573 494 1608 schon
523 1571 554 1603 in
579 1568 672 1605 seinen
694 1563 835 1603 frühesten
861 1562 980 1603 Jahren
1032 1560 1125 1601 »Ich
1138 1559 1260 1597 schwöre
1272 1561 1320 1591 der
1337 1556 1463 1596 Nazion,
1474 1558 1537 1594 d?m
1547 1554 1654 1595 Gesetze
1668 1554 1726 1585 und
1740 1554 1804 1586 dem
1822 1550 1882 1586 Kö-

123 1616 240 1652 darauf
250 1613 449 1649 vorbereiten,
470 1611 522 1649 sich
541 1616 599 1643 nur
618 1609 647 1640 in
674 1606 703 1642 so
712 1604 793 1642 ferne
803 1603 934 1643 glücklich
944 1610 978 1642 zu
1035 1602 1101 1638 nige
1126 1604 1188 1633 treu
1209 1607 1239 1637 zu
1265 1600 1326 1635 seyn
1353 1614 1362 1633 ,
1393 1597 1452 1628 und
1482 1596 1539 1628 aus
1562 1594 1644 1627 allem
1666 1591 1780 1626 meinen
1804 1591 1879 1627 Ver,

124 1656 264 1699 Mätzen,
287 1656 337 1690 als
359 1654 418 1691 fein
435 1652 513 1689 Volk
530 1647 627 1686 eSist,
651 1648 730 1682 und,
749 1646 917 1684 ungeachtet
931 1645 981 1676 der
1015 1635 1138 1680 .mögen
1165 1640 1210 1672 die
1229 1647 1285 1672 von
1308 1639 1357 1670 der
1375 1634 1744 1674 Nazionalverfammlung.
1756 1636 1879 1666 entwor«

123 1699 268 1735 Stimme
288 1697 338 1729 der
359 1690 601 1732 Schmeichelet),
623 1695 654 1727 zu
677 1688 749 1719 allen
769 1683 870 1724 Zeiten
885 1683 978 1722 einzli,
1033 1681 1096 1718 fene
1112 1681 1170 1714 und
1201 1686 1267 1712 vom
1289 1675 1402 1715 Könige
1426 1681 1652 1714 angenommene
1676 1672 1880 1711 Kvnstituziozr

124 1738 208 1776 sehen
229 1754 237 1775 ,
263 1735 324 1775 daß
345 1742 402 1768 nur
429 1735 492 1767 eine
517 1729 599 1768 weise
626 1725 828 1764 Konstituzion
852 1725 895 1757 die
919 1724 979 1759 Ge.
1033 1728 1066 1761 zu
1083 1720 1300 1758 handhaben.,,
1341 1716 1479 1755 Anfangs
1503 1715 1599 1748 wollte
1623 1721 1713 1750 man,
1756 1712 1813 1750 daß
1835 1714 1878 1746 al,

123 1777 231 1816 fahren
263 1775 414 1814 entferne,
437 1774 527 1808 denen
545 1771 591 1804 die
607 1765 850 1805 Unerfahrenheit
873 1765 977 1802 ausgr.
1032 1763 1058 1796 le
1078 1761 1255 1798 Deputierte
1285 1757 1343 1793 auf
1371 1756 1480 1791 einmal
1519 1754 1609 1793 diesen
1640 1754 1698 1789 Eid
1732 1751 1881 1792 leisteten;

124 1816 185 1857 setzt
201 1816 249 1852 ist/
288 1820 348 1848 und
377 1814 439 1853 daß
452 1813 514 1846 eine
539 1806 822 1851 gcrechle.Freyhett
844 1807 898 1837 den
919 1805 982 1840 Ge,
1032 1802 1102 1836 aber
1124 1809 1193 1835 man
1214 1801 1263 1837 hat
1292 1798 1364 1832 bald
1385 1795 1578 1835 empstmden,
1609 1793 1664 1832 daß
1680 1792 1756 1831 diese.
1772 1792 1878 1829 Eides-

123 1857 288 1897 stnnungen
300 1856 348 1886 der
368 1855 451 1890 Liebe
467 1854 528 1886 und
555 1848 673 1885 Treue,
695 1853 799 1881 wovon
822 1845 903 1882 schon
928 1844 981 1880 fett
1031 1841 1152 1880 teistunq
1169 1839 1330 1877 feyerlicher
1343 1834 1462 1873 würde,
1494 1835 1553 1868 und
1571 1835 1603 1867 in
1622 1834 1673 1870 hea
1692 1831 1881 1870 Gemüthepw

121 1897 153 1937 so
176 1897 268 1931 vielen
293 1892 541 1932 Jahrhunderten
558 1892 603 1924 die
628 1887 792 1930 Franzosen
817 1886 898 1924 ihren
917 1882 977 1920 Kö.
1032 1883 1094 1916 eine
1110 1882 1166 1917 Art
1174 1877 1318 1919 religiöser
1333 1877 1534 1915 Empfindung
1545 1875 1772 1913 Hervorbringen
1787 1870 1877 1909 köny,

122 1939 209 1976 nigen
237 1936 266 1968 so
289 1933 434 1970 rührende
461 1931 586 1969 Proben
613 1929 706 1970 gaben
725 1946 734 1962 ,
771 1927 852 1960 einen
882 1932 976 1958 neuen
1033 1927 1080 1958 t«,
1110 1929 1192 1956 wenn
1213 1921 1272 1957 jede
1290 1918 1472 1956 Deputierte
1489 1911 1616 1953 einzeln,
1636 1914 1687 1952 bey
1705 1913 1796 1950 seinen
1811 1913 1878 1949 Na»

125 1978 232 2016 Werth
243 1971 437 2012 verschaffe.,,
481 1964 569 2008 Sehr
578 1974 638 2005 edle
649 1969 752 2003 Worte
767 1967 796 2000 in
805 1965 978 1999 denrMun,
1033 1970 1098 1998 men
1109 1960 1306 2001 aufgefordert
1314 1977 1321 1996 ,
1342 1961 1385 1992 im
1402 1956 1566 1997 Angesichte
1577 1958 1625 1988 der
1643 1954 1881 1992 Versammlung

124 2019 158 2053 de
180 2019 259 2051 eines
276 2015 477 2051 Monarchen,
504 2011 554 2043 der
569 2009 636 2043 über
656 2010 815 2045 Millionen
836 2007 975 2044 herrsch»!
1033 2006 1086 2037 den
1109 1999 1166 2037 Eid
1185 2001 1306 2038 ablegte.
1350 1998 1415 2034 Und
1431 1996 1492 2034 dieß
1513 1995 1629 2034 geschah
1647 1997 1720 2027 denn
1736 1994 1808 2031 auch
1819 1993 1879 2028 mit

124 2059 234 2098 »Von
253 2056 356 2091 diesem
367 2054 444 2092 Tag»
463 2049 657 2087 an,soschloß
667 2049 790 2086 Ludwig
805 2065 813 2080 ,
825 2046 888 2085 soll,
915 2046 980 2079 und-
1033 2044 1111 2077 einer
1130 2039 1349 2082 Feyerlichkeit,
1373 2038 1419 2074 die
1431 2038 1486 2071 alle
1506 2036 1680 2072 Anwesende
1703 2034 1814 2070 rührte,

126 2099 169 2135 ich
187 2100 254 2138 gehe
276 2102 342 2131 euch
353 2094 466 2132 hierin«
487 2092 541 2124 mit
556 2093 679 2122 meinem
696 2088 848 2128 Beyspiele
869 2094 973 2120 voran.
1074 2083 1134 2119 Die
1155 2079 1331 2119 Magistrate
1348 2086 1404 2112 von
1422 2077 1562 2113 Rennes,
1583 2076 1627 2108 die
1650 2081 1711 2108 nun
1725 2074 1806 2112 schon
1817 2073 1880 2107 ein-

125 2144 183 2172 nur
206 2141 278 2177 Eine
310 2137 469 2173 Mynung
523 2131 582 2167 Ein
604 2127 768 2169 Interesse,
805 2128 864 2164 Ein
886 2127 981 2163 Wille
1031 2123 1093 2158 mal
1114 2123 1193 2162 ihres
1203 2118 1422 2159 Widerstandes
1436 2125 1555 2157 wegen,
1577 2118 1630 2149 den
1649 2115 1683 2153 sie
1697 2117 1750 2148 den
1764 2112 1884 2151 Dekret

124 2182 211 2219 Mkr»
244 2180 304 2218 uns
335 2182 426 2218 irvn,
459 2168 586 2214 nämlich
608 2167 851 2209 Antzängsichkrit
870 2175 908 2202 an
930 2167 976 2203 die
1032 2166 1084 2200 ttn
1096 2166 1144 2200 der
1163 2161 1286 2202 Stände
1302 2159 1447 2198 leisteten,.
1469 2155 1623 2198 adgestraft
1642 2157 1783 2195 wurden,
1814 2154 1881 2195 sind
