3784 5551
150 154 242 210 M
286 151 376 215 77.
450 154 654 227 Erstes
692 155 896 220 Blatt.

2841 0 3135 5 .

1644 161 1920 235 Sechzigster
1951 164 2230 241 Jahrgang.

2807 173 3136 253 Mittwoch,
3171 179 3260 244 17.
3295 179 3474 259 März
3509 184 3680 249 1«»».

279 791 794 834 Dkdonnement-pretfe.

659 844 672 865 »
682 843 779 866 Monate.
807 845 820 866 6
829 844 927 867 Monate.

123 876 145 926 8
149 874 180 896 1t
188 873 218 898 14
232 874 302 899 «wenn
316 873 351 896 die
364 874 457 904 Zeitung
471 876 567 904 abgeholt
579 879 644 904 wird)
673 879 712 906 Fr.
726 880 781 902 5.50
805 879 843 907 Fr.
859 881 891 902 IO.
902 892 928 897 —

150 901 236 926 4wciz
251 901 379 927 «Bestellung
394 903 447 923 beim
462 904 599 929 Postbureau»
615 922 621 926 .
649 920 655 927 .
686 921 695 931 ,
726 907 781 930 0.75
818 922 828 933 ,
860 908 927 930 11.50

150 928 184 951 Io.
212 928 292 953 idirekte
302 928 422 955 Bestellung
436 930 467 952 bet
483 931 518 952 der
532 930 655 956 Sxveditlon

214 955 258 976 und
268 954 341 982 Bezug
355 956 415 977 unter
429 957 589 983 Privatadresse)
612 974 692 984 ...
721 960 741 983 7.
751 960 778 982 50
815 975 825 987 ,
855 962 887 983 14.
904 972 926 978 —

121 982 325 1008 Deutschland
339 981 467 1011 «Bestellung
481 985 536 1006 beim
549 985 654 1012 Postamt)
666 986 778 1009 Mk.7.05

121 1009 418 1037 Oesterreich-Ungarn
429 1010 740 1039 «Best.b.Postamt)fl.ö.W.5.
751 1015 777 1036 5t

121 1039 204 1063 8ran
213 1036 301 1061 Ireich.
311 1035 417 1061 Italien
428 1038 472 1059 und
483 1038 555 1064 Übrige
565 1038 656 1061 Staaten

213 1064 249 1085 der
264 1063 324 1085 Wel
334 1063 509 1087 tpostveret-ns
524 1064 604 1089 «direkte
617 1065 657 1088 Be-

214 1090 302 1119 ftellung
316 1090 348 1112 bei
362 1090 396 1112 der
410 1090 542 1118 Eipedition)
578 1107 585 1115 .
612 1108 619 1116 .
647 1107 657 1117 .
670 1095 747 1122 Fr.U.
757 1096 784 1119 50
806 1097 844 1125 Fr.
858 1098 890 1119 22.
902 1109 925 1116 -

1107 913 1896 1139 Hwchknschks
1955 922 2711 1135 HstniiklÄatt.

3056 830 3521 870 JnsertisnSgebühr.

3351 884 3359 901 !

2893 898 2937 926 Fllr
2951 900 2984 924 die
2997 901 3084 929 Schweiz
3097 903 3124 925 20
3133 903 3181 929 Rp..
3197 903 3230 931 für
3244 906 3283 926 dal
3292 906 3392 928 Ausland
3400 907 3427 928 25
3437 906 3477 933 Sp.
3492 907 3538 930 oder
3551 908 3579 934 20
3587 908 3658 934 Psuru
3659 908 3692 933 W

3161 934 3197 956 per
3211 932 3347 960 sechispaltige
3356 933 3421 960 Zeile.

3026 956 3150 984 Fleesezme»
3164 963 3191 980 rc.
3207 959 3277 984 «unter
3290 960 3334 981 dem
3348 960 3552 990 i»,daktl»n»strtch>'

3085 986 3113 1006 50
3125 984 3169 1010 Ro.
3182 989 3218 1010 per
3229 985 3363 1014 vierspaltige
3378 988 3490 1016 Petitzeile.

2890 1006 2989 1034 Inserate
3002 1010 3046 1032 und
3055 1011 3165 1034 Reclamen
3175 1012 3219 1038 stnd
3228 1012 3361 1039 ein,äsenden
3378 1019 3407 1036 an
3415 1015 3448 1037 die
3458 1016 3692 1042 Annoneeni-dedttt»»

2890 1036 2931 1057 von
2952 1036 3030 1059 Orell
3048 1038 3129 1065 Flltzli
3147 1040 3165 1059 L
3185 1038 3236 1061 «lie.
3254 1039 3283 1060 tn
3301 1039 3396 1067 Zürich
3418 1042 3462 1064 und
3480 1044 3561 1066 «erd,»
3575 1044 3633 1070 durch
3649 1045 3690 1068 «M

3004 1063 3089 1094 übrigen
3103 1065 3216 1088 bekannten
3230 1066 3437 1096 «nnoncenbureaur
3453 1071 3574 1093 berat»«».

3082 1092 3153 1115 Srei»
3168 1093 3206 1116 der
3220 1093 3332 1121 einzekueu
3348 1097 3478 1124 Hlumneer»
3488 1104 3495 1120 :

2955 1117 3051 1145 Einfache
3072 1119 3097 1142 I»
3111 1120 3156 1145 !»p.,
3180 1120 3219 1143 mit
3232 1120 3317 1150 Beilage
3334 1123 3360 1144 15
3373 1123 3421 1151 «p..
3442 1125 3536 1152 doppelt,
3550 1126 3579 1150 *0
3591 1126 3632 1151 **.

175 1185 387 1239 Jägtich,
416 1188 511 1230 mit
538 1189 844 1245 Ausnahme
873 1194 956 1235 öes
982 1194 1262 1250 Sonntags,
1293 1200 1591 1253 zwermattgs
1616 1200 1869 1254 Ausgabe.

2100 1206 2323 1258 Wüveau
2352 1211 2379 1251 6
2383 1222 2438 1252 er
2463 1210 2772 1262 WeöaKtron:
2814 1214 3145 1272 ZSvunngaffs
3172 1219 3274 1273 Wr.
3299 1226 3331 1262 2
3360 1221 3418 1264 in
3443 1220 3632 1275 Zürich.

274 1314 830 1381 Tagesbericht

415 1396 482 1426 vom
508 1395 558 1427 16.
584 1395 683 1436 März.

186 1451 238 1484 Da
260 1449 306 1482 die
329 1450 496 1491 Dynastien,
528 1453 556 1492 so
579 1454 663 1495 lange
687 1463 755 1488 man
788 1454 863 1495 ihrer
898 1455 980 1488 über¬

114 1496 211 1537 haupt
234 1503 269 1535 zu
291 1494 426 1535 bedürfen
449 1496 559 1537 glaubt,
583 1507 644 1531 nun
668 1499 774 1532 einmal
795 1499 861 1540 auch
878 1500 982 1540 darauf

116 1541 198 1582 sehen
223 1539 340 1581 müssen,
364 1539 414 1579 fich
437 1541 517 1581 ihren
529 1542 658 1576 Ländern
680 1552 715 1584 zu
737 1543 872 1584 erhalten,
896 1545 924 1584 so
948 1545 982 1585 ist

114 1587 165 1619 «in
187 1585 338 1624 Wetteifer
359 1587 443 1619 unter
465 1586 562 1626 ihnen,
596 1587 659 1628 ihre
691 1588 904 1629 Stammhalter
936 1589 981 1622 bei

115 1631 220 1672 Zeiten
243 1629 275 1662 in
298 1629 343 1662 die
364 1629 449 1668 süßen
474 1630 575 1663 Bande
597 1633 645 1664 der
669 1632 726 1672 Ehe
760 1642 794 1673 zu
821 1632 980 1673 schmieden.

114 1676 165 1715 In
189 1673 403 1715 hyperloyalem
426 1674 521 1713 Jubel
542 1676 679 1717 vergeffen
703 1677 733 1709 in
755 1678 853 1718 diesem
866 1678 981 1719 Augen¬

115 1720 183 1755 blick
206 1719 248 1751 die
273 1717 490 1759 vielsprachigen
503 1720 608 1753 Völler
623 1722 806 1763 Oesterreichs
828 1722 887 1755 und
910 1723 980 1756 Bel-

114 1766 198 1808 giens
223 1763 266 1795 die
288 1762 369 1803 Roth
390 1763 438 1795 der
460 1764 528 1803 Zeit
557 1764 627 1798 über
659 1766 707 1799 der
728 1766 898 1809 Verlobung
932 1768 981 1800 des

114 1807 320 1848 Kronprinzen
343 1808 455 1849 Rudolf
479 1808 534 1850 (21
543 1808 576 1850 ^2
592 1810 672 1852 Jahr
684 1811 740 1852 alt)
764 1812 817 1845 mit
832 1812 879 1844 der
891 1812 979 1854 Prin¬

115 1855 201 1896 zessin
225 1852 384 1893 Stephanie
409 1852 490 1892 (bald
517 1855 557 1886 16
570 1854 664 1896 Jahre
686 1856 754 1897 alt).
802 1856 900 1890 Kaum
915 1856 982 1890 aber

114 1901 151 1940 ist
174 1898 246 1938 diese
268 1897 370 1938 Partie
390 1897 511 1931 bekannt
532 1900 687 1940 geworden,
716 1901 746 1939 so
767 1903 846 1943 trägt
867 1901 911 1934 die
934 1911 981 1942 ge¬

114 1943 246 1985 schäftige
278 1943 373 1981 Fama
406 1943 474 1983 auch
509 1943 585 1984 schon
622 1945 680 1978 eine
714 1945 894 1986 Brautschaft
932 1947 981 1979 des

116 1989 267 2029 Freundes
300 1987 361 2019 und
394 1987 621 2030 Altersgenossen
655 1990 806 2031 Erzherzog
840 1991 978 2031 Rudolfs,

115 2035 167 2067 des
191 2031 318 2072 Prinzen
340 2031 479 2072 Wilhelm
502 2038 559 2066 von
571 2034 704 2076 Preußen
721 2036 848 2075 (ältesten
860 2035 979 2076 Sohnes

116 2081 167 2112 des
184 2076 397 2117 Kronprinzen)
423 2078 474 2117 auf
496 2078 576 2117 ihren
588 2079 715 2121 Fittigen
730 2080 812 2119 durch
823 2080 866 2113 die
878 2081 978 2114 Lande.

116 2124 177 2159 Die
200 2121 384 2161 Auserlesene
406 2121 455 2154 des
480 2124 520 2154 21
545 2123 639 2164 Jahre
672 2124 750 2158 alten
772 2125 896 2166 Prinzen
928 2125 982 2165 soll

117 2170 180 2201 eine
203 2165 321 2205 Tochter
344 2166 391 2198 des
413 2166 523 2208 letzthin
545 2168 737 2209 verstorbenen
759 2171 884 2211 Herzogs
922 2175 980 2203 von

117 2209 476 2254 Holstein-Sonderburg.
483 2213 702 2255 Augustenburg
733 2215 795 2254 (des
826 2215 884 2255 sog.
919 2216 982 2247 Au-

118 2255 351 2300 gustenburgers,
382 2255 451 2296 einst
473 2257 683 2297 Prätendenten
717 2263 773 2292 von
808 2259 981 2301 Schleswig.

116 2301 264 2344 Holstein)
289 2300 366 2340 sein;
390 2308 447 2333 nur
470 2301 624 2341 schwanken
646 2303 689 2335 die
702 2303 837 2343 Gerüchte
852 2304 978 2344 zwischen

114 2349 166 2381 der
190 2345 306 2383 ältesten
329 2344 445 2384 Tochter
468 2347 593 2387 Auguste
616 2348 748 2381 Victoria
770 2347 870 2388 (21'/r
898 2348 980 2389 Jahr

115 2393 176 2433 alt)
201 2390 261 2423 und
284 2390 333 2422 der
355 2389 469 2430 zweiten
491 2391 630 2424 Karoline
646 2392 790 2434 Mathilde
814 2395 870 2433 (20
887 2393 981 2435 Jahre

116 2438 187 2478 alt).
236 2434 306 2467 Von
331 2434 475 2475 offizieller
498 2436 578 2469 Seite
601 2437 635 2477 ist
662 2437 751 2477 nichts
783 2438 902 2471 bekannt
935 2448 980 2480 ge-

115 2481 236 2516 worden
260 2479 320 2511 und
351 2478 397 2511 der
421 2480 716 2523 augustenburgischen
738 2483 865 2521 Familie
886 2482 981 2523 Nahe-

112 2525 243 2569 stehende
267 2523 411 2561 erklärten,
442 2525 533 2564 nichts
555 2530 614 2559 von
635 2527 683 2559 der
705 2527 797 2567 Sache
818 2537 853 2567 zu
874 2528 980 2569 wissen.

115 2572 187 2606 Wir
210 2568 331 2608 nehmen
364 2567 448 2608 daher
483 2570 537 2602 mit
559 2570 718 2612 Vorbehalt
750 2571 852 2611 hievon
884 2572 979 2613 Notiz,

115 2617 215 2650 indem
238 2612 293 2645 wir
317 2612 398 2645 kaum
422 2614 553 2655 glauben,
577 2615 633 2655 daß
655 2616 722 2656 diese
745 2617 845 2658 Partie
866 2615 911 2650 bei
933 2618 981 2649 der

115 2660 255 2703 geringen
265 2657 456 2698 Popularität
466 2659 516 2691 der
525 2659 780 2703 Augustenburger,
806 2661 837 2694 in
848 2661 980 2702 Deutsch¬

112 2706 188 2739 land
212 2711 294 2744 gerne
318 2701 427 2742 gesehen
449 2704 555 2736 würde.

185 2748 252 2781 Wie
276 2747 320 2779 die
347 2747 436 2785 „Rep.
454 2748 567 2790 frany."
595 2750 664 2790 sagt,
689 2749 722 2788 ist
745 2750 981 2790 Frankreich

114 2793 185 2833 trotz
209 2793 257 2823 der
285 2791 514 2831 „Provokation"
552 2797 610 2825 von
643 2793 725 2827 Seite
757 2795 804 2826 der
841 2795 981 2832 „Konttt-

116 2835 416 2874 revolutionspartei"
441 2836 536 2876 ruhig.
582 2838 651 2871 Das
673 2840 813 2878 genannte
826 2838 914 2872 Blatt
934 2840 979 2871 be¬

116 2883 185 2917 tont
208 2879 309 2921 jedoch,
335 2879 390 2918 daß
414 2884 443 2913 es
465 2880 539 2921 nicht
561 2881 639 2922 leicht
661 2882 707 2921 sei,
730 2882 798 2921 diese
821 2883 906 2922 ernste
920 2884 979 2916 und

115 2923 304 2961 dornenvolle
328 2924 543 2965 Angelegenheit
565 2935 599 2965 zu
623 2926 779 2967 erledigen;
815 2931 844 2959 cs
867 2927 981 2968 bedürfe

113 2973 192 3011 dazu
214 2968 289 3009 nicht
311 2977 368 3000 nur
390 2969 552 3007 Ausdauer,
575 2971 695 3010 sondern
709 2971 926 3013 Hartnäckigkeit
949 2973 980 3006 in

112 3018 166 3051 der
190 3013 314 3048 Geduld.
362 3013 402 3046 Es
424 3013 528 3055 handle
550 3014 600 3055 sich
616 3016 727 3054 darum,
751 3016 818 3056 nach
837 3017 896 3049 und
911 3017 979 3057 nach

114 3062 161 3094 die
185 3057 323 3098 Maschen
361 3057 409 3090 des
432 3059 525 3100 Netzes
547 3068 581 3099 zu
604 3060 749 3100 zerreißen,
785 3061 898 3101 welches
931 3063 980 3094 der

115 3102 346 3141 Klerikalismus
368 3103 438 3135 über
461 3103 624 3146 denjenigen
646 3105 731 3144 Theil
763 3106 811 3137 der
846 3106 981 3147 franzöfi.

113 3151 195 3192 schen
217 3147 417 3188 Bevölkerung
438 3149 587 3189 geworfen,
624 3149 736 3189 welcher
768 3150 815 3183 bis
848 3150 907 3193 jetzt
927 3152 980 3183 den

114 3194 240 3238 größten
265 3191 385 3232 Einfluß
424 3193 476 3233 auf
509 3193 552 3226 die
585 3194 804 3236 Staatsleitung
840 3195 980 3236 ausgeübt

113 3239 199 3282 habe.
247 3237 347 3276 Dieses
368 3237 431 3279 Netz
453 3238 490 3277 sei
513 3246 547 3277 zu
569 3238 640 3279 groß
662 3239 721 3271 und
744 3249 778 3279 zu
798 3239 904 3280 schwer,
928 3250 979 3273 um

114 3290 147 3319 es
171 3292 209 3324 zu
230 3280 340 3322 heben;
368 3290 437 3314 man
460 3283 547 3323 müsse
569 3287 599 3316 es
626 3287 810 3325 „zernagen".
856 3285 980 3318 Erkenne

111 3338 187 3364 man
211 3326 319 3359 einmal
342 3326 500 3367 allgemein,
524 3327 579 3368 daß
604 3332 632 3360 es
655 3328 728 3368 nicht
750 3331 856 3370 genüge
870 3329 980 3363 klerikal

113 3384 152 3416 zu
176 3372 244 3412 sein,
281 3379 333 3403 um
355 3376 412 3404 von
435 3371 483 3404 der
506 3372 644 3411 Republik
668 3374 755 3406 etwas
777 3383 811 3413 zu
835 3374 977 3416 erlangen,

110 3421 142 3460 so
168 3416 260 3451 werde
294 3415 363 3456 diese
384 3416 486 3457 Partei
520 3426 558 3449 an
588 3411 689 3450 Kredil
721 3418 866 3451 verlieren.
914 3420 979 3453 Vor

111 3463 214 3498 Allem
235 3460 341 3501 handle
364 3464 393 3493 es
416 3461 466 3501 fich
488 3460 601 3500 darum,
625 3462 668 3494 die
690 3461 865 3503 bestehenden
878 3462 979 3506 Gesetze

110 3518 150 3551 zu
174 3504 341 3546 vollziehen,
379 3506 408 3537 d.
431 3505 460 3546 h.
484 3505 527 3538 die
549 3506 680 3546 Jesuiten
701 3508 759 3539 und
783 3508 883 3540 andere
906 3509 979 3549 nicht

110 3551 287 3588 anerkannte
322 3550 568 3591 Kongregationen
602 3560 636 3591 zu
670 3551 839 3586 verbannen.
888 3555 979 3587 Dann

111 3597 210 3633 werde
232 3603 303 3627 man
317 3594 371 3626 das
381 3594 660 3636 Regierungssystem
676 3596 792 3634 ändern,
815 3597 843 3629 d.
854 3597 884 3638 h.
900 3598 979 3639 jeden

109 3639 263 3677 klerikalen
286 3639 407 3679 Einfluß
444 3640 497 3680 auf
519 3640 561 3672 die
583 3640 801 3682 Staatsleitung
824 3643 976 3682 entfernen.

108 3688 155 3722 Es
179 3684 269 3724 müsse
291 3683 343 3724 fich
364 3684 465 3724 zeigen,
491 3684 526 3716 ob
549 3683 592 3717 die
603 3685 742 3725 Republik
764 3686 813 3726 für
835 3686 878 3719 die
895 3689 913 3719 8
930 3687 977 3721 bis

113 3734 158 3766 10
184 3727 348 3764 Millionen
362 3728 544 3768 arbeitsamer
559 3729 682 3771 Bürger,
706 3730 803 3771 welche
814 3731 977 3772 Frankreich

109 3776 203 3819 zählt,
228 3773 294 3806 oder
317 3773 366 3813 für
388 3772 431 3806 die
454 3773 635 3813 Sakristeien,
663 3774 707 3807 die
729 3774 977 3816 Kongregationen

109 3821 174 3856 und
199 3819 242 3852 die
266 3822 324 3851 von
336 3817 421 3858 ihnen
436 3818 578 3859 geleiteten
590 3819 706 3852 Salons
730 3820 853 3860 errichtet
863 3821 977 3855 worden

107 3867 159 3908 sei.
210 3862 311 3902 Dieses
334 3867 391 3895 von
414 3862 461 3895 der
484 3862 655 3903 thatsächlich
679 3864 710 3896 in
722 3864 884 3905 Frankreich
899 3865 976 3906 Herr-

107 3910 243 3951 schenken
256 3907 358 3949 Partei
379 3907 567 3948 ausgegebene
581 3908 756 3949 Programm
778 3910 814 3948 ist
836 3910 880 3942 ein
894 3911 976 3951 wich-

106 3957 186 3997 tigeS
202 3952 357 3992 Aktenstück
379 3951 438 3984 und
453 3952 526 3984 wird
537 3951 611 3993 nicht
622 3952 770 3994 verfehlen,
795 3954 865 3994 seine
876 3954 975 3989 Kreis¬

1026 1323 1125 1357 wellen
1148 1332 1182 1365 zu
1205 1325 1310 1366 werfen
1345 1330 1402 1359 von
1425 1326 1477 1359 den
1502 1327 1652 1361 Ardennen
1685 1328 1732 1361 bis
1766 1338 1800 1370 zu
1834 1330 1885 1363 den

1027 1369 1178 1410 Pyrenäen
1202 1370 1261 1402 und
1284 1375 1351 1403 vom
1373 1371 1553 1413 atlantischen
1575 1373 1674 1413 Ozean
1709 1373 1754 1407 bis
1777 1383 1811 1415 zu
1834 1375 1885 1408 den

1026 1413 1198 1454 Westalpen.
1254 1415 1311 1449 Die
1344 1415 1551 1454 Republikaner
1584 1417 1627 1450 im
1660 1425 1765 1459 ganzen
1794 1419 1885 1453 Lande

1025 1459 1110 1498 rufen
1133 1459 1201 1500 auch
1236 1460 1338 1493 bereits
1373 1461 1541 1503 einstimmig
1575 1471 1610 1503 zu
1643 1463 1696 1496 den
1730 1463 1883 1505 (geistigen)

1026 1502 1142 1542 Waffen
1166 1513 1250 1545 gegen
1272 1504 1326 1536 das
1345 1504 1552 1546 Pfaffenthum.
1598 1507 1679 1541 Man
1701 1507 1821 1548 begrüßt
1844 1509 1884 1549 so-

1027 1555 1079 1588 gar
1103 1547 1161 1590 jetzt
1195 1549 1239 1582 die
1261 1549 1449 1591 Verwerfung
1483 1551 1531 1584 des
1552 1551 1619 1585 Art.
1645 1553 1675 1591 7,
1707 1561 1757 1585 um
1780 1554 1884 1595 energi.

1026 1590 1111 1632 schere
1135 1593 1309 1635 Maßregeln
1332 1595 1466 1636 ergreifen
1487 1604 1522 1635 zu
1543 1596 1659 1629 können.
1707 1598 1774 1631 Das
1788 1597 1884 1631 Mini-

1027 1636 1153 1676 sterium,
1178 1638 1265 1679 dessen
1280 1637 1447 1680 Mitglieder
1469 1640 1673 1681 größtentheils
1697 1641 1829 1682 jesuitisch
1841 1652 1883 1683 ge-

1026 1681 1115 1721 sinnte
1138 1683 1254 1721 Frauen
1276 1682 1376 1723 haben,
1412 1684 1446 1724 ist
1477 1684 1523 1717 der
1546 1686 1617 1726 Lage
1639 1685 1713 1726 nicht
1735 1685 1883 1727 gewachsen

1026 1726 1085 1759 und
1108 1727 1179 1760 wird
1202 1727 1287 1768 daher
1310 1727 1376 1768 auch
1407 1728 1484 1768 wohl
1517 1729 1559 1762 die
1580 1730 1662 1769 Krise
1695 1731 1768 1770 nicht
1801 1731 1882 1764 über-

1026 1770 1143 1804 dauern.
1189 1772 1366 1813 Namentlich
1389 1774 1460 1814 zeigt
1483 1773 1532 1814 sich
1554 1775 1601 1807 der
1624 1775 1772 1816 Präsident
1790 1776 1884 1817 Frey-

1026 1814 1097 1849 cinet
1142 1816 1256 1857 schwach
1302 1817 1359 1850 und
1395 1818 1446 1857 soll
1480 1818 1522 1851 die
1555 1819 1638 1852 naive
1682 1820 1755 1859 Idee
1789 1821 1883 1862 gefaßt

1025 1859 1125 1899 haben,
1150 1861 1233 1902 durch
1256 1861 1347 1902 seinen
1368 1863 1537 1905 Vorgänger
1552 1864 1756 1905 Waddington,
1781 1865 1829 1898 der
1851 1866 1881 1898 in

1025 1905 1105 1938 Rom
1126 1906 1212 1945 weilt,
1246 1907 1298 1946 auf
1319 1906 1370 1940 den
1393 1908 1482 1948 Papst
1503 1908 1604 1941 wirken
1639 1917 1674 1949 zu
1696 1909 1790 1950 lassen,
1828 1910 1885 1949 daß

1027 1959 1064 1989 er,
1089 1950 1141 1983 wie
1166 1952 1251 1983 1845
1287 1951 1339 1990 auf
1368 1951 1501 1993 Guizot's
1523 1953 1644 1986 Antrieb
1678 1954 1794 1995 geschah,
1843 1955 1884 1988 die

1026 1994 1265 2035 Jesuitenschulen
1288 1995 1365 2035 selbst
1401 2006 1436 2037 zu
1470 1996 1601 2038 schließen
1635 1999 1768 2031 anordne.
1817 2001 1883 2034 Das

1026 2040 1122 2072 würde
1145 2040 1210 2073 aber
1242 2042 1325 2073 unter
1357 2041 1467 2082 jetzigen
1502 2042 1672 2082 Umständen
1706 2044 1793 2076 weder
1827 2050 1883 2078 von

1027 2084 1106 2117 Rom
1128 2085 1310 2125 zugestanden
1331 2087 1450 2125 werden,
1485 2087 1551 2127 noch
1584 2088 1617 2120 in
1640 2088 1803 2128 Frankreich
1839 2089 1881 2122 die

1026 2127 1196 2170 Aufregung
1218 2129 1379 2170 beruhigen.

1099 2173 1146 2212 In
1169 2174 1350 2212 Italien
1372 2176 1462 2208 treten
1483 2175 1526 2208 die
1548 2176 1588 2208 im
1612 2176 1811 2217 Ministerium
1833 2178 1882 2219 sich

1028 2218 1255 2252 vorbereitenden
1276 2219 1518 2261 Veränderungen
1540 2221 1641 2253 immer
1674 2221 1753 2262 mehr
1774 2223 1808 2255 in
1830 2224 1882 2256 den

1028 2262 1245 2305 Vordergrund.
1268 2264 1419 2303 Nachdem
1446 2265 1624 2306 „Fanfulla"
1649 2265 1879 2307 hatZanardelli

1029 2308 1138 2346 erklärt,
1164 2317 1193 2340 er
1216 2309 1254 2348 sei
1276 2309 1348 2348 nicht
1370 2309 1524 2350 abgeneigt,
1548 2311 1579 2343 in
1602 2310 1676 2344 einer
1698 2312 1875 2353 Prinzipien-

1026 2352 1106 2393 frage
1138 2361 1222 2394 gegen
1245 2354 1299 2385 das
1321 2354 1518 2394 Ministerium
1540 2364 1575 2395 zu
1596 2355 1725 2395 stimmen
1746 2357 1806 2389 und
1829 2357 1878 2398 sich

1026 2397 1080 2430 mit
1102 2397 1265 2439 denjenigen
1295 2398 1342 2431 der
1364 2399 1467 2432 Linken
1499 2399 1661 2441 feindlichen
1685 2401 1825 2440 Gruppen
1847 2411 1880 2441 zu

1026 2442 1228 2483 verständigen,
1263 2442 1359 2483 welche
1382 2444 1425 2476 die
1448 2449 1504 2478 von
1538 2444 1597 2485 ihm
1622 2445 1653 2477 in
1675 2446 1722 2478 der
1744 2446 1881 2479 Kammer

1028 2486 1068 2518 im
1103 2487 1219 2528 vorigen
1242 2487 1393 2528 Dezember
1426 2488 1615 2529 verfochtenen
1638 2488 1803 2532 Grundsätze
1831 2501 1881 2524 an-

1026 2530 1145 2571 nehmen
1167 2533 1294 2565 würden.
1319 2532 1444 2566 General
1454 2532 1577 2574 Fabrizi,
1601 2533 1680 2575 heißt
1702 2539 1740 2573 es,
1763 2535 1883 2576 bemüh»

1026 2575 1087 2616 sich,
1126 2576 1184 2608 eine
1217 2577 1431 2618 Uebereinkunft
1464 2578 1589 2618 zwischen
1622 2579 1788 2618 Zanardelli
1823 2581 1880 2614 und

1027 2620 1121 2660 Crispi
1153 2620 1228 2660 (dem
1251 2622 1440 2662 Bigamisten)
1472 2622 1710 2664 herbeizuführen.
1756 2625 1804 2663 In
1827 2626 1877 2657 den

1026 2665 1307 2705 parlamentarischen
1318 2667 1433 2706 Kreisen
1454 2667 1566 2707 schreibt
1586 2678 1657 2701 man
1678 2669 1816 2706 Depretis
1839 2670 1881 2703 die

1026 2709 1136 2749 Absicht
1157 2719 1202 2750 zu,
1226 2711 1266 2744 im
1290 2711 1395 2744 Verein
1417 2711 1473 2744 mit
1495 2712 1555 2745 dem
1570 2713 1711 2752 Zentrum
1726 2713 1776 2754 sich
1800 2715 1874 2747 einer

1027 2754 1176 2791 partiellen
1211 2755 1424 2795 Ministerkrisis
1461 2765 1496 2796 zu
1532 2756 1693 2796 bequemen,
1731 2767 1781 2790 um
1821 2759 1878 2792 eine

1026 2797 1136 2838 Lösung
1158 2799 1205 2831 der
1216 2799 1472 2840 Mahlsteuerfrage
1487 2799 1725 2842 herbeizufahren,
1751 2803 1778 2841 so
1796 2808 1879 2843 zwar,

1025 2842 1083 2882 daß
1105 2852 1134 2874 er
1155 2843 1187 2875 in
1209 2845 1257 2876 der
1280 2844 1511 2884 Präsidentschaft
1532 2846 1579 2878 des
1603 2845 1743 2879 Kabinets
1766 2847 1879 2880 Cairoli

1026 2887 1133 2927 ersetzen
1167 2888 1225 2920 und
1256 2888 1309 2920 das
1330 2888 1528 2929 Ministerium
1561 2890 1616 2923 mit
1638 2890 1800 2924 Elementen
1834 2894 1880 2925 der

1025 2931 1201 2972 gemäßigten
1239 2933 1339 2965 Linken
1381 2935 1514 2974 ergänzen
1554 2935 1660 2967 würde.
1718 2936 1795 2976 Nach
1834 2938 1880 2969 der

1029 2976 1160 3013 „Roma"
1199 2977 1233 3017 ist
1267 2980 1298 3010 es
1329 2977 1556 3019 wahrscheinlich,
1595 2980 1651 3019 daß
1685 2981 1779 3020 Crispi
1812 2982 1880 3015 über

1024 3020 1067 3052 die
1080 3020 1213 3062 Haltung
1236 3021 1284 3054 des
1297 3022 1436 3055 Kabinets
1459 3023 1489 3055 in
1501 3023 1547 3056 der
1560 3024 1668 3063 äußern
1680 3025 1788 3066 Politik
1801 3027 1878 3060 einen

1025 3064 1138 3105 Antrag
1169 3064 1289 3107 bringen
1310 3067 1407 3105 werde,
1443 3068 1495 3100 den
1520 3069 1562 3101 die
1584 3068 1685 3109 Rechte
1718 3072 1877 3112 verwerfen,

1025 3108 1067 3141 die
1090 3109 1236 3151 Mehrheit
1257 3111 1315 3143 und
1337 3111 1389 3144 das
1408 3112 1604 3153 Ministerium
1627 3113 1694 3147 aber
1722 3115 1879 3154 annehmen

1023 3154 1150 3186 würden.
1197 3156 1254 3188 Bei
1276 3156 1361 3194 diesen
1395 3157 1540 3197 würdigen
1563 3157 1705 3198 Schülern
1733 3159 1878 3201 Macchia-

1024 3198 1119 3232 velli's
1142 3198 1212 3240 muß
1235 3199 1307 3233 alles
1330 3201 1380 3241 auf
1403 3201 1465 3234 dem
1483 3202 1567 3243 Wege
1590 3203 1637 3235 der
1658 3202 1805 3245 Jntrigue
1829 3212 1879 3238 vor

1025 3242 1074 3283 sich
1098 3243 1203 3284 gehen!

1091 3288 1288 3329 Scheußliches
1299 3289 1502 3330 Räuberwesen
1513 3292 1613 3324 dauert
1626 3292 1658 3324 in
1668 3293 1716 3326 der
1734 3294 1879 3328 Türkei

1025 3332 1091 3371 fort.
1137 3333 1185 3371 In
1207 3334 1268 3366 dem
1292 3334 1466 3368 Vaterlande
1487 3335 1660 3375 Alexanders
1688 3338 1735 3370 des
1759 3337 1875 3379 Großen

1024 3376 1175 3417 beherrscht
1197 3378 1284 3418 selbes
1306 3379 1348 3411 die
1370 3379 1624 3421 Einwohnerschaft
1656 3383 1876 3422 unumschränkt.

1024 3421 1089 3455 Mit
1123 3422 1169 3454 der
1203 3423 1315 3461 Bande,
1349 3424 1446 3465 welche
1479 3425 1531 3458 den
1565 3425 1714 3467 englischen
1741 3428 1878 3468 Obersten

1024 3465 1126 3507 Synge
1160 3466 1296 3508 gefangen
1317 3468 1389 3508 hält,
1425 3469 1520 3508 mußte
1554 3470 1598 3502 die
1632 3472 1799 3511 osmanische
1823 3474 1876 3506 Re¬

1024 3511 1143 3552 gierung
1176 3512 1229 3544 wie
1262 3512 1316 3545 mit
1349 3513 1422 3546 einer
1446 3514 1545 3553 Macht
1578 3516 1792 3556 unterhandeln,
1829 3517 1878 3558 hat

1024 3555 1090 3588 aber
1112 3555 1179 3595 noch
1202 3556 1259 3589 kein
1282 3557 1411 3597 Resultat
1435 3558 1536 3598 erzielt,
1560 3559 1596 3592 da
1619 3560 1661 3593 die
1684 3560 1800 3593 Räuber
1825 3563 1877 3595 mit

1025 3600 1145 3638 10,000
1168 3601 1316 3641 türkischen
1337 3602 1437 3643 Pfund
1459 3603 1585 3644 Lösegeld
1619 3605 1679 3638 und
1702 3605 1776 3638 einer
1798 3606 1871 3640 Am-

1024 3645 1106 3685 nestie
1129 3644 1203 3686 nicht
1226 3646 1365 3686 zufrieden
1387 3647 1456 3688 sind.

1090 3689 1168 3729 Zum
1196 3690 1287 3730 Zweck
1319 3691 1366 3724 der
1399 3692 1875 3736 nordamerikanischen

1022 3733 1285 3775 Präsidentenwahl
1316 3735 1407 3775 haben
1434 3736 1477 3768 die
1499 3737 1686 3771 Demokraten
1719 3739 1778 3780 ihre
1806 3749 1875 3779 „na¬

1022 3778 1147 3811 tionale"
1166 3779 1461 3819 Partei-Konvention
1484 3781 1550 3822 nach
1563 3782 1727 3816 Cincinnati
1750 3784 1802 3824 auf
1824 3785 1875 3817 den

1024 3825 1076 3855 22.
1100 3823 1180 3862 Juni
1204 3824 1270 3864 (wie
1292 3824 1334 3856 die
1356 3825 1563 3865 Republikaner
1587 3826 1654 3867 nach
1679 3828 1799 3868 Chicago
1825 3830 1875 3870 auf

1022 3867 1073 3900 den
1099 3870 1129 3899 2.
1154 3867 1246 3909 Juni)
1271 3869 1416 3911 festgesetzt.
1440 3870 1497 3904 Die
1511 3871 1676 3913 Bewegung
1698 3882 1732 3912 zu
1747 3872 1875 3914 Gunsten

1022 3911 1148 3945 Grant's
1169 3912 1275 3946 nimmt
1296 3915 1380 3947 unter
1401 3915 1455 3947 den
1466 3915 1693 3954 Republikanern
1714 3917 1800 3950 leider
1822 3928 1874 3959 zu;

1021 3956 1065 3989 die
1087 3956 1412 4000 Partei-Abgeordneten
1439 3959 1487 3991 der
1509 3960 1573 4000 zwei
1597 3960 1715 4002 größten
1738 3962 1872 4001 Staaten,

1930 1330 2086 1373 New-Zork
2109 1334 2167 1368 und
2188 1335 2419 1376 Pennfilvanien,
2443 1337 2534 1379 haben
2556 1337 2606 1379 fich
2630 1339 2660 1372 in
2683 1339 2784 1380 Mehr-

1931 1375 1986 1415 heit
2019 1378 2066 1415 für
2089 1378 2186 1412 Grant
2221 1380 2343 1422 erllärt;
2378 1381 2443 1422 doch
2481 1382 2569 1423 macht
2593 1383 2652 1424 ihm
2676 1385 2784 1418 Blaine

1931 1424 1986 1453 aus
2008 1421 2112 1456 Maine
2132 1424 2284 1466 immerhin
2306 1426 2376 1467 stark
2399 1427 2452 1460 das
2477 1427 2548 1466 Feld
2569 1427 2685 1470 streitig.

2207 1504 2496 1556 Schweiz.

1997 1555 2229 1600 Nationalbahn.
2253 1558 2321 1592 Von
2337 1559 2398 1591 dem
2415 1559 2566 1600 Schreiben
2590 1561 2638 1593 des
2650 1561 2782 1594 Bundes-

1929 1599 2026 1640 rathes
2047 1610 2085 1633 an
2108 1601 2151 1634 die
2175 1602 2385 1644 Eidgenössische
2407 1604 2500 1642 Bank,
2524 1605 2575 1644 auf
2597 1605 2711 1645 welches
2732 1606 2782 1646 fich

1930 1643 1977 1676 der
2000 1645 2141 1678 Vertreter
2175 1647 2222 1679 der
2256 1647 2363 1689 letztern
2397 1657 2436 1681 an
2469 1649 2518 1681 der
2549 1649 2781 1692 Nationalbahn¬

1930 1688 2084 1731 steigerung
2105 1690 2201 1732 berief,
2224 1691 2257 1730 ist
2269 1691 2336 1733 auch
2351 1693 2398 1725 der
2414 1692 2609 1733 zürcherischen
2621 1695 2781 1736 Regierung

1931 1733 2075 1774 Kenntniß
2097 1735 2216 1778 gegeben
2238 1737 2359 1770 worden.
2394 1738 2455 1771 Der
2478 1738 2663 1779 Bundesrath
2687 1739 2781 1780 theilte

1930 1777 1976 1810 der
2010 1779 2116 1819 letztern
2150 1781 2204 1813 mit
2226 1780 2377 1820 Schreiben
2412 1786 2477 1815 vom
2508 1783 2559 1815 12.
2583 1783 2671 1823 März
2705 1784 2779 1817 mit:

1934 1822 1999 1861 „der
2015 1823 2243 1865 Eidgenössischen
2254 1826 2336 1859 Bank
2351 1826 2398 1858 als
2423 1827 2593 1861 eventuellen
2605 1829 2779 1862 Erwerberin

1929 1867 1976 1899 der
1989 1867 2205 1910 Nationalbahn
2226 1870 2262 1909 fei
2285 1871 2336 1911 auf
2357 1870 2404 1911 ihr
2416 1870 2519 1911 Gesuch
2542 1872 2642 1906 erklärt
2656 1874 2777 1913 worden,

1929 1911 1987 1952 daß
2015 1913 2062 1945 der
2084 1913 2278 1955 Bundesrath,
2315 1922 2396 1948 wenn
2431 1915 2472 1949 die
2495 1917 2711 1958 Nationalbahn
2732 1917 2778 1959 ihr

1928 1957 2118 1998 zugeschlagen
2140 1959 2249 1991 werden
2272 1960 2359 1999 sollte,
2394 1960 2486 1994 keinen
2509 1962 2636 2000 Anstand
2659 1962 2777 2003 nehmen

1929 2002 2025 2039 werde,
2060 2002 2102 2035 die
2124 2002 2171 2036 der
2193 2004 2389 2045 Nordostbahn
2425 2005 2560 2039 eventuell
2595 2007 2778 2047 zuerkannten

1928 2045 2129 2088 Aenderungen
2152 2057 2192 2081 an
2213 2048 2264 2081 den
2275 2048 2475 2090 Konzessionen
2496 2051 2543 2083 der
2557 2051 2778 2093 Nationalbahn

1928 2090 1996 2130 auch
2019 2091 2066 2131 für
2089 2093 2124 2132 sie
2147 2093 2279 2126 eintreten
2302 2103 2336 2134 zu
2358 2093 2453 2134 lassen,
2478 2095 2630 2137 immerhin
2653 2096 2707 2129 mit
2729 2097 2776 2130 der

1928 2134 1959 2168 in
1992 2136 2040 2168 der
2062 2136 2158 2170 Natur
2191 2137 2238 2170 der
2260 2137 2351 2178 Sache
2383 2139 2525 2181 liegenden
2555 2140 2774 2183 Beschränkung,

1928 2179 1984 2220 daß
2006 2181 2142 2219 derselben
2165 2182 2252 2215 weder
2274 2183 2321 2215 der
2333 2182 2462 2224 Abbruch
2474 2185 2521 2217 der
2533 2185 2640 2219 Strecke
2651 2186 2775 2219 Winter-

1927 2224 2156 2265 thur-Effretikon
2190 2227 2258 2265 noch
2286 2228 2330 2260 die
2353 2228 2529 2271 Einstellung
2559 2230 2611 2263 des
2632 2230 2777 2264 Betriebes

1927 2270 1978 2309 auf
1989 2270 2050 2303 dem
2061 2270 2167 2311 Geleise
2177 2272 2519 2315 Otelfingen-Wettingen
2531 2275 2654 2315 gestattet
2669 2276 2776 2309 werden

1927 2315 2052 2349 könnte."

1994 2360 2130 2402 Schweiz.
2155 2361 2406 2396 Gewerdeverein.
2452 2363 2513 2396 Bis
2533 2363 2592 2404 jetzt
2613 2363 2704 2405 haben
2724 2365 2777 2398 wie

1926 2403 1981 2436 wir
2003 2405 2052 2436 den
2080 2405 2191 2442 „Wint.
2215 2405 2336 2445 Nachr."
2364 2407 2535 2448 entnehmen,
2557 2407 2638 2448 ihren
2659 2409 2777 2442 Beitritt

1925 2456 1989 2488 zum
2002 2448 2259 2490 „Schweizerischen
2268 2449 2512 2484 Gewerbeverein"
2529 2452 2642 2486 erklärt:
2655 2453 2774 2495 Zürich:

1927 2492 2225 2534 Gewerbeschulverein
2236 2495 2284 2528 der
2295 2496 2386 2529 Stadt
2394 2496 2509 2536 Zürich.
2520 2496 2776 2538 Gewerbemuseum

1925 2538 2039 2579 Zürich,
2062 2538 2244 2578 Handwerks-
2268 2541 2327 2572 und
2351 2540 2576 2575 Gewerbeverein
2595 2543 2776 2583 Winterthur

1926 2583 2006 2620 sowie
2035 2583 2088 2615 das
2111 2583 2367 2625 Gewerbemuseum
2399 2586 2431 2617 in
2453 2585 2649 2628 Winterthur;
2674 2588 2774 2621 Bern:

1925 2626 2069 2660 kantonale
2084 2628 2210 2669 Muster-
2222 2628 2279 2662 und
2291 2629 2574 2671 Modellgesellfchast,
2588 2632 2774 2671 Handwerks¬

1925 2671 1984 2704 und
2012 2672 2238 2706 Gewerbeverein
2271 2673 2320 2706 der
2341 2675 2433 2708 Stadt
2464 2676 2552 2713 Bern,
2590 2676 2775 2716 Handwerks¬

1925 2716 1984 2749 und
2007 2716 2232 2750 Gewerbeverein
2244 2723 2302 2752 von
2317 2719 2477 2761 Burgdorf;
2494 2720 2613 2760 Luzern:
2631 2720 2774 2754 Gewerbe-

1923 2760 2019 2793 verein
2039 2761 2088 2793 der
2103 2760 2195 2795 Stadt
2209 2762 2327 2803 Luzern;
2343 2760 2514 2803 Bäselstadt:
2531 2764 2772 2807 Gewerbeverein;

1926 2804 2101 2846 Baselland:
2136 2805 2360 2841 Gewerbevcrein
2394 2807 2515 2849 Liestal;
2551 2808 2774 2850 Schaffhausen:

1926 2848 2095 2890 Technischer
2124 2851 2277 2890 Leseverein
2308 2851 2519 2893 Schaffhausen,
2550 2852 2775 2888 Gewerbeverein

1925 2894 2012 2927 Stein
2034 2903 2060 2926 a.
2085 2894 2162 2936 Rh.;
2186 2896 2357 2937 Appenzell:
2382 2896 2610 2930 Gewerbeverein
2631 2899 2773 2941 Herisau;

1925 2939 2062 2980 Aargau:
2099 2939 2283 2980 Handwerks-
2313 2941 2371 2974 und
2404 2941 2629 2976 Gewerbeverein
2652 2944 2773 2985 Aarau;

1924 2982 2078 3024 Thurgau:
2085 2983 2311 3018 Gewerbeverein
2317 2986 2498 3027 Frauenfeld.
2522 2987 2774 3029 EinigeBeitritts-

1925 3028 2105 3069 erklärungen
2138 3029 2227 3070 stehen
2260 3030 2326 3069 noch
2360 3031 2391 3063 in
2427 3030 2513 3072 naher
2535 3032 2674 3073 Aussicht,
2707 3034 2773 3074 auch

1924 3072 2009 3112 solche
2030 3076 2085 3106 aus
2108 3073 2155 3106 der
2185 3074 2378 3116 französischen
2401 3076 2534 3116 Schweiz,
2557 3078 2685 3117 woselbst
2706 3087 2774 3112 man

1925 3116 1990 3150 aber
2012 3116 2271 3158 begreiflicherweise
2293 3120 2397 3159 vorerst
2420 3120 2467 3153 ins
2483 3121 2671 3163 Französische
2693 3123 2775 3156 über¬

1923 3162 1992 3202 setzte
2014 3162 2153 3195 Statuten
2176 3162 2306 3204 wünscht,
2330 3164 2455 3204 welchem
2469 3166 2606 3207 Wunsche
2628 3167 2774 3208 jedenfalls

1923 3206 2064 3247 möglichst
2086 3206 2152 3240 bald
2176 3209 2463 3249 entgegenzukommen
2486 3210 2529 3250 ist.

1989 3252 2052 3286 Der
2075 3251 2193 3295 schweiz.
2217 3253 2404 3288 Turnverein
2444 3254 2495 3295 hat
2529 3254 2649 3296 mehrere
2672 3256 2772 3290 Einla¬

1923 3295 2035 3337 dungen
2056 3305 2091 3336 zu
2106 3297 2272 3337 Turnfesten
2294 3298 2336 3330 im
2346 3298 2497 3331 Auslande
2519 3299 2651 3339 erhalten,
2683 3301 2712 3340 so
2734 3311 2773 3335 an

1922 3339 1963 3371 die
1987 3341 2134 3381 Turnfeste
2157 3341 2188 3374 in
2200 3341 2488 3382 Clermont-Ferrand
2511 3344 2568 3376 und
2592 3345 2632 3378 La
2644 3344 2772 3386 Rochelle

1924 3384 2112 3425 (Frankreich)
2136 3386 2195 3419 und
2218 3395 2255 3418 an
2277 3386 2330 3419 das
2345 3386 2462 3427 deutsche
2478 3389 2611 3429 Turnfest
2623 3390 2652 3422 in
2664 3390 2770 3428 Frank-

1922 3429 1983 3469 furt
2006 3439 2033 3462 a.
2046 3430 2108 3468 M.,
2131 3430 2227 3470 welche
2248 3431 2401 3472 sämmtlich
2424 3432 2464 3464 im
2476 3432 2561 3471 Laufe
2584 3433 2669 3473 dieses
2682 3434 2771 3468 Som-

1922 3477 1997 3506 mers
2031 3474 2197 3515 abgehalten
2230 3476 2347 3508 werden.
2408 3476 2455 3510 An
2493 3477 2544 3509 den
2578 3478 2770 3520 französischen

1922 3519 2089 3559 Turnfesten
2110 3519 2284 3561 beabsichtigt
2305 3521 2353 3553 der
2382 3520 2497 3562 schweiz.
2521 3522 2699 3557 Turnverein
2720 3524 2770 3565 sich

1921 3562 1993 3603 nicht
2015 3565 2151 3597 verkeim
2173 3574 2208 3605 zu
2230 3565 2335 3615 lassen;
2359 3566 2479 3606 dagegen
2502 3566 2563 3606 hält
2587 3572 2617 3600 es
2638 3568 2691 3601 das
2711 3569 2770 3602 Ko¬

1921 3608 1988 3641 mik
1998 3608 2048 3648 für
2057 3608 2180 3650 nützlich,
2194 3609 2281 3650 einige
2292 3610 2494 3650 schweizerische
2504 3612 2627 3651 Turner,
2640 3616 2769 3646 nament-

1920 3651 1971 3693 lich
1994 3653 2086 3693 solche,
2109 3654 2153 3686 die
2175 3654 2216 3686 im
2237 3654 2482 3688 Nationalturnm
2511 3656 2559 3696 fich
2584 3657 2769 3697 auszeichnen,

1921 3695 1987 3737 nach
2011 3697 2166 3738 Frankfurt
2187 3707 2215 3731 a.
2239 3699 2289 3733 M.
2320 3708 2354 3739 zu
2376 3699 2483 3739 senden.
2530 3700 2586 3734 Ein
2620 3702 2771 3745 Vorschlag

1921 3741 1952 3773 in
1985 3742 2083 3782 diesem
2107 3742 2202 3777 Sinne
2234 3742 2287 3783 soll
2320 3745 2366 3776 der
2400 3744 2771 3789 Delegirtenversammlung

1921 3786 2101 3819 unterbreitet
2122 3788 2241 3821 werden.
2287 3788 2397 3829 Letztere
2420 3789 2452 3830 ist
2475 3789 2527 3830 auf
2547 3790 2601 3824 den
2637 3792 2688 3824 17.
2711 3793 2770 3826 und

1923 3831 1974 3863 18.
1998 3831 2085 3870 April
2106 3832 2173 3873 nach
2196 3832 2257 3865 dem
2280 3833 2382 3874 Casino
2405 3833 2436 3866 in
2447 3834 2526 3867 Bern
2538 3833 2698 3876 einberufen
2712 3838 2770 3871 und

1919 3874 1968 3915 hat
2007 3875 2055 3916 sich
2090 3876 2176 3910 nebm
2211 3877 2316 3910 andern
2349 3877 2770 3921 Verhandlungsgegenständen

1920 3918 1988 3959 auch
2010 3921 2064 3953 mit
2093 3921 2145 3954 den
2167 3921 2355 3963 Vorschlägen
2388 3922 2437 3955 des
2457 3923 2705 3962 Zentralkomite'S
2737 3925 2771 3960 in

1921 3964 2029 4005 Bekeff
2051 3965 2099 3997 des
2121 3965 2351 4007 Festreglements
2373 3975 2409 4007 zu
2430 3965 2556 4008 befassen.

2902 1342 3020 1387 Zürich.
3065 1346 3127 1379 Der
3153 1346 3349 1384 „Oberländer
3364 1349 3455 1383 Bote"
3481 1350 3513 1384 in
3535 1352 3691 1393 Lörrach

2831 1385 2941 1425 schreibt
2965 1397 3014 1421 am
3039 1390 3089 1422 13.
3114 1391 3219 1431 März:
3255 1392 3420 1433 Gegenüber
3453 1395 3500 1427 der
3523 1396 3683 1438 Erllärung

2831 1431 2878 1462 des
2900 1432 2997 1472 Herrn
3007 1433 3273 1474 Polizeilieutenant
3294 1437 3510 1479 Buchmann
3531 1440 3564 1473 in
3578 1441 3683 1482 Zürich

2829 1474 2916 1510 bleibt
2938 1477 3086 1511 Stumm
3121 1480 3173 1520 auf
3195 1481 3246 1513 das
3269 1481 3458 1524 bestimmteste
3487 1483 3531 1517 bei
3554 1485 3601 1517 der
3623 1486 3682 1519 Be-

2829 1519 2988 1562 hauptung,
3012 1522 3067 1563 daß
3091 1533 3118 1556 er
3140 1524 3191 1565 fich
3215 1526 3245 1558 in
3257 1526 3362 1567 Zürich
3376 1528 3456 1561 krank
3478 1530 3614 1570 gemeldet
3626 1530 3685 1563 ,rnd

2829 1568 2895 1597 vom
2918 1565 3151 1609 Gefängnißarzt,
3178 1570 3229 1603 den
3252 1579 3281 1602 er
3304 1571 3351 1604 als
3375 1572 3453 1605 einen
3476 1573 3597 1614 ziemlich
3617 1583 3682 1615 gro¬

2827 1608 2880 1649 ßen
2903 1611 3005 1644 Mann
3028 1612 3081 1645 mit
3113 1613 3338 1654 weiß-melirtem
3365 1616 3502 1651 Vollbart
3524 1618 3678 1659 beschreibt,

2828 1654 2888 1686 vier
2909 1655 3022 1696 Pulver
3044 1658 3191 1691 verordnet
3212 1659 3370 1694 bekommen
3391 1661 3469 1701 habe.
3495 1663 3570 1704 Nach
3594 1664 3681 1703 seiner

2827 1696 2977 1741 Genesung
2996 1700 3095 1735 erllärt
3129 1712 3158 1735 er
3181 1702 3229 1744 sich
3256 1703 3351 1743 bereit,
3390 1706 3458 1746 diese
3480 1707 3677 1750 Behauptung

2824 1741 2898 1782 jeder
2919 1744 3049 1785 Behörde
3069 1747 3224 1787 gegenüber
3245 1758 3281 1788 zu
3301 1751 3447 1784 verkeim.
3476 1768 3511 1774 —
3537 1753 3615 1792 Auch
3638 1753 3684 1785 die

2825 1787 2931 1821 Basler
2978 1790 3203 1832 Polizeibehörde
3235 1792 3402 1836 rechtfertigt
3436 1795 3481 1835 ihr
3519 1797 3680 1838 Verfahren

2825 1833 2979 1873 gegenüber
3001 1834 3144 1876 Stumm;
3182 1836 3265 1877 dieser
3286 1837 3322 1878 sei
3356 1838 3403 1879 ihr
3436 1840 3483 1873 als
3516 1842 3678 1882 wiederholt

2824 1882 2917 1918 wegen
2939 1879 3052 1911 Bettels
3074 1880 3218 1921 bestrafter
3248 1883 3367 1923 Vagant
3400 1883 3516 1917 bekannt
3550 1887 3678 1927 gewesen,

2824 1930 2852 1953 er
2874 1921 2950 1962 hätte
2973 1923 3024 1963 fich
3045 1924 3091 1957 der
3113 1926 3264 1967 sofortigen
3285 1927 3460 1969 Abführung
3483 1929 3588 1971 gefügt,
3608 1930 3680 1971 ohne

2826 1965 2870 1998 ein
2893 1966 2980 2000 Wort
3001 1968 3095 2002 davon
3117 1979 3152 2010 zu
3175 1971 3266 2012 sagen,
3298 1972 3355 2011 daß
3386 1982 3414 2005 er
3436 1974 3515 2007 krank
3536 1976 3602 2008 oder
3624 1984 3681 2008 un¬

2826 2010 2902 2052 wohl
2924 2012 2972 2052 sei,
2997 2012 3063 2053 auch
3086 2014 3123 2053 sei
3145 2014 3213 2055 nach
3234 2016 3283 2048 der
3304 2017 3503 2059 Versicherung
3535 2019 3585 2052 des
3607 2020 3678 2060 Per-

2821 2055 3027 2097 sonalführers,
3050 2058 3099 2091 der
3119 2059 3165 2091 die
3187 2061 3366 2100 Transporte
3387 2062 3580 2104 auszuführen
3601 2064 3673 2104 refp.

2822 2109 2856 2140 zu
2889 2100 3101 2144 beauffichttgen
3130 2103 3191 2144 hat,
3229 2104 3317 2144 nichts
3356 2110 3413 2139 von
3445 2107 3494 2140 der
3526 2108 3680 2149 Krankheit

2821 2144 3066 2187 wahrgenommen
3089 2148 3212 2181 worden.
3257 2150 3338 2190 Diese
3361 2149 3461 2192 letztere
3480 2152 3676 2196 Behauptung

2821 2188 2889 2230 steht
2910 2190 2965 2223 mit
2987 2191 3034 2223 der
3056 2192 3390 2235 Beauffichtigungsgabe
3413 2196 3460 2229 des
3482 2197 3603 2239 letzteren
3617 2199 3676 2231 Be-

2822 2236 2915 2267 amten
2938 2235 2991 2275 auf
3021 2237 3199 2276 gespanntem
3221 2238 3297 2278 Fuß.
3343 2240 3430 2274 Denn
3458 2241 3608 2282 Thatsache
3630 2243 3674 2283 ist,

2821 2278 2877 2318 daß
2899 2280 3023 2313 Stumm
3045 2289 3092 2314 am
3111 2284 3139 2313 5.
3153 2281 3292 2321 Febmar,
3316 2284 3456 2326 Mittags,
3481 2286 3526 2319 als
3534 2287 3672 2328 Typhus-

2821 2323 2928 2356 Kanker
2952 2324 2984 2356 in
3018 2324 3064 2358 der
3087 2326 3200 2366 zweiten
3220 2327 3320 2366 Woche
3356 2329 3402 2362 der
3436 2330 3587 2371 Krankheit
3621 2332 3676 2366 mit

2821 2367 2920 2408 hohem
2941 2368 3045 2407 Fieber
3076 2371 3136 2403 und
3170 2372 3335 2410 quälendem
3365 2374 3472 2414 Husten
3504 2375 3553 2408 ins
3574 2376 3675 2417 hiesige

2822 2412 2925 2451 Spital
2948 2414 3165 2454 ausgenommen
3188 2417 3299 2450 worden
3321 2417 3356 2457 ist
3382 2419 3440 2451 und
3463 2419 3519 2461 daß
3541 2420 3589 2453 der
3611 2421 3673 2453 An¬

2821 2457 2890 2497 fang
2912 2458 2960 2490 der
2983 2458 3136 2500 Krankheit
3170 2459 3281 2500 jenseits
3316 2462 3365 2494 der
3390 2463 3432 2495 im
3454 2464 3675 2506 Dunkel-Arrest

2821 2510 2856 2541 zu
2878 2502 2982 2542 Zürich
3005 2503 3200 2545 zugebrachten
3221 2506 3299 2547 Tage
3321 2506 3375 2540 mit
3385 2507 3541 2549 Sicherheit
3562 2510 3669 2550 zurück-

2821 2546 2908 2579 dattrt
2930 2547 3039 2580 werden
3061 2549 3161 2589 muß."

2891 2607 2926 2614 —
2955 2591 3024 2625 Von
3046 2592 3098 2626 den
3120 2594 3223 2635 Pfau-
3245 2594 3303 2627 und
3326 2595 3545 2637 Lehrerwahlen.
3571 2598 3612 2631 die
3635 2607 3674 2632 an

2820 2635 2871 2668 den
2904 2635 3000 2669 beiden
3033 2636 3125 2678 letzten
3159 2639 3330 2680 Sonntagen
3368 2640 3512 2682 vollzogen
3546 2643 3671 2682 wurden,

2818 2679 2909 2713 bieten
2942 2680 2988 2713 die
3009 2683 3066 2715 von
3088 2683 3355 2724 Männedorf
3388 2685 3433 2718 ein
3465 2687 3587 2727 gewisses
3609 2688 3670 2726 In¬

2819 2723 2920 2764 teresse,
2942 2725 3011 2758 well
3031 2726 3066 2766 sie
3089 2727 3256 2768 einstimmig
3267 2729 3330 2760 oder
3353 2729 3417 2769 doch
3438 2730 3493 2769 fast
3504 2732 3672 2774 einstimmig

2821 2768 2922 2810 erfolgt
2944 2770 3014 2809 sind.
3038 2770 3103 2804 Wie
3125 2775 3184 2804 uns
3206 2772 3326 2812 nämlich
3349 2779 3406 2807 von
3421 2774 3484 2807 dort
3506 2775 3673 2817 mttgetheilt

2821 2813 2901 2852 wird,
2926 2813 3025 2854 erhielt
3035 2814 3155 2856 Pfarrer
3168 2814 3298 2856 Schuster
3320 2822 3378 2851 von
3394 2819 3458 2850 210
3471 2819 3670 2854 Stimmenden

2822 2859 2896 2896 208,
2930 2859 2978 2890 der
3014 2859 3070 2892 eine
3104 2860 3151 2892 der
3174 2860 3273 2901 Lehrer
3304 2866 3362 2896 von
3385 2864 3449 2895 212
3473 2864 3672 2899 Stimmenden

2822 2903 2884 2933 209
2920 2903 2980 2935 und
3016 2902 3058 2936 die
3080 2904 3137 2937 drei
3172 2904 3291 2947 übrigen
3312 2906 3412 2948 Lehrer
3446 2908 3581 2950 ebenfalls
3615 2915 3671 2943 von

2822 2947 2885 2978 212
2910 2947 3111 2981 Stimmenden
3144 2948 3216 2989 jeder
3251 2952 3313 2982 212
3345 2951 3500 2989 Stimmen,
3536 2954 3595 2993 also
3630 2954 3673 2988 die

2819 2990 2893 3024 volle
2915 2992 3138 3034 Stimmenzahl.

2889 3053 2925 3062 —
2952 3037 3015 3071 Der
3047 3037 3290 3080 RegierungSrath
3327 3039 3377 3080 hat
3411 3041 3462 3074 das
3496 3042 3671 3084 Frühlings-

2819 3080 2994 3119 referendum
3017 3082 3067 3123 auf
3089 3083 3139 3115 den
3165 3085 3196 3115 9.
3212 3084 3283 3117 Mai
3304 3086 3450 3126 angesetzt;
3474 3095 3524 3126 zur
3547 3087 3671 3126 Abstim-

2821 3134 2908 3167 mung
2941 3126 3067 3158 kommen
3088 3127 3131 3159 die
3153 3127 3248 3161 beiden
3271 3128 3371 3170 Gesetze
3401 3130 3469 3163 über
3492 3131 3533 3164 die
3556 3132 3670 3172 Rechts¬

2819 3170 2906 3210 pflege
2943 3171 3003 3203 und
3036 3170 3105 3204 über
3137 3172 3190 3204 den
3211 3173 3323 3206 Martt-
3361 3174 3420 3207 und
3442 3175 3667 3217 Haufirverkehr,

2819 3215 2899 3253 sowie
2931 3215 2985 3247 das
3008 3215 3281 3257 Jnitiativbegehren
3313 3217 3460 3259 betreffend
3484 3219 3671 3264 Abschaffung

2819 3258 2867 3291 des
2890 3258 3118 3302 Impfzwanges.

2884 3304 2977 3339 Bern.
3001 3305 3062 3338 Der
3083 3306 3222 3339 Nummer
3241 3309 3262 3338 2
3284 3307 3332 3339 des
3359 3307 3536 3348 „Katholik",
3562 3310 3667 3350 schwer-

2817 3347 2942 3389 zerisches
2954 3349 3059 3388 Organ
3082 3350 3130 3390 für
3144 3350 3298 3391 kirchlichen
3310 3352 3482 3392 Fortschritt,
3507 3354 3671 3395 entnehmen

2817 3392 2880 3430 wir,
2915 3393 2973 3433 daß
2995 3394 3051 3426 vr.
3075 3395 3184 3435 Herzog
3210 3395 3254 3428 bei
3276 3396 3361 3436 seiner
3384 3394 3587 3439 Anerkennung
3622 3399 3670 3433 als

2817 3435 2928 3477 Bischof
2960 3438 3012 3478 auf
3032 3437 3109 3477 jeden
3131 3439 3402 3481 Profefforengehalt
3434 3441 3575 3482 verzichtet
3597 3443 3668 3483 hat;

2817 3481 2863 3513 als
2886 3481 2998 3522 Bischof
3022 3482 3125 3523 erhalle
3148 3493 3176 3515 er
3199 3489 3255 3517 von
3277 3485 3327 3517 den
3340 3485 3491 3519 Kantonen
3505 3487 3586 3521 Bern
3609 3488 3669 3521 und

2817 3525 2892 3566 Genf
2912 3526 2937 3567 je
2962 3526 3013 3565 Fr.
3039 3528 3135 3560 1562.
3161 3529 3212 3566 50,
3248 3534 3303 3562 von
3327 3529 3379 3562 den
3402 3530 3553 3564 Kantonen
3576 3532 3668 3565 Solo¬

2816 3570 2903 3610 thurn
2925 3572 2985 3603 und
3008 3572 3126 3612 Aargau
3149 3571 3174 3611 je
3197 3573 3247 3612 Fr.
3272 3575 3348 3606 937.
3365 3576 3418 3613 50,
3441 3575 3600 3615 zusammen
3615 3577 3668 3616 Fr.

2817 3616 2914 3648 5000.
2961 3615 3019 3648 Als
3040 3616 3160 3657 Pfarrer
3192 3621 3250 3651 von
3271 3618 3352 3651 Bern
3380 3619 3484 3660 bezieht
3504 3620 3559 3661 Hr.
3582 3622 3665 3662 Prof,

2816 3659 2872 3692 vr.
2895 3660 3005 3701 Herzog
3036 3660 3080 3693 ein
3103 3661 3283 3696 Einkommen
3310 3668 3368 3697 von
3390 3664 3441 3703 Fr.
3467 3666 3564 3703 3000,
3599 3666 3669 3706 ohne

2817 3703 2872 3737 alle
2893 3704 2966 3744 sonst
2988 3704 3114 3745 üblichen
3129 3706 3371 3748 Nebeneinkünste,
3395 3709 3436 3741 im
3449 3707 3565 3749 Ganzen
3586 3711 3670 3750 somit

2818 3749 2870 3788 Fr.
2895 3750 2994 3786 8000,
3025 3754 3141 3783 woraus
3165 3751 3230 3791 auch
3260 3752 3303 3785 die
3325 3752 3417 3786 vielen
3438 3753 3611 3793 Amtsreisen
3633 3764 3668 3795 zu

2815 3793 2959 3833 bestreiten
2980 3794 3048 3834 sind,
3079 3795 3137 3827 und
3161 3795 3232 3836 nicht
3255 3797 3306 3835 Fr.
3332 3799 3461 3836 25,000,
3496 3799 3551 3832 wie
3573 3799 3668 3839 Groß-

2816 3838 2880 3878 rath
2902 3839 2981 3879 Fazy
3005 3838 3045 3871 im
3069 3838 3175 3879 Genfer
3198 3839 3312 3881 Großen
3335 3842 3413 3883 Rath
3438 3842 3586 3882 behauptet
3607 3844 3667 3884 hat.

2887 3900 2921 3906 —
2951 3884 2998 3915 An
3021 3883 3098 3925 Platz
3125 3885 3174 3917 des
3198 3885 3384 3925 ablehnenden
3406 3886 3582 3928 Oberrichter
3604 3888 3665 3921 An-

2816 3927 2891 3959 toine
2912 3928 2949 3968 ist
2971 3928 3213 3970 Regierungsrath
3230 3930 3377 3964 Swckmar
3399 3940 3462 3971 zum
3485 3932 3667 3973 Präfidentm

2817 3972 2864 4004 der
2886 3972 3074 4012 Kommission
3108 3973 3157 4013 für
3180 3974 3222 4007 die
3243 3974 3386 4015 prattische
3409 3976 3544 4018 Prüfung
3566 3977 3668 4012 bereits

397 4125 569 4177 Fr-illtt-k
597 4126 661 4171 188
663 4127 700 4171 «.

134 4276 240 4315 KauS
259 4272 424 4310 Holbeins
443 4274 625 4303 Madonna
643 4278 711 4303 von
731 4275 937 4310 Solothurn.

456 4326 645 4363 (Fortsetzung.)

163 4381 220 4410 Der
232 4375 362 4411 Verfasser
378 4375 491 4411 verfolgt
508 4375 578 4410 aus's
586 4375 760 4412 Gründlichste
777 4378 827 4406 alle
835 4377 973 4414 Beziehun¬

102 4430 165 4460 gen,
184 4418 224 4449 die
242 4415 288 4451 fich
308 4424 342 4444 an
359 4414 433 4450 unser
452 4415 517 4445 Bild
535 4416 641 4451 knüpfen
660 4417 762 4446 können.
804 4418 846 4447 So
866 4419 972 4448 erörtert

102 4472 132 4494 er
154 4458 217 4493 auch
235 4456 275 4486 die
294 4456 386 4491 Frage,
404 4455 452 4484 wie
469 4454 582 4491 Holbein
600 4463 631 4491 zu
649 4456 703 4485 dem
721 4457 844 4493 Auftrag,
862 4457 906 4493 für
925 4459 971 4487 den

101 4503 144 4533 S.
158 4496 352 4533 ürsrnmünster
379 4494 407 4523 in
425 4494 574 4528 Solothurn
603 4496 643 4525 ein
662 4496 796 4526 Altarbild
822 4505 854 4532 zu
880 4498 972 4532 malen,

101 4544 182 4577 möge
200 4537 343 4574 gekommen
359 4535 419 4569 sein.
450 4535 488 4564 Er
504 4535 560 4569 sagt
576 4535 686 4565 darüber
705 4536 833 4575 frag-14
849 4536 899 4573 f):
920 4538 974 4573 „C8

100 4584 136 4618 jst
157 4576 265 4612 vielfach
284 4574 409 4611 historisch
428 4575 570 4610 sestgestellt,
590 4575 641 4610 daß
659 4576 729 4612 schon
742 4586 772 4613 zu
786 4576 852 4613 jener
865 4577 973 4613 Blüthe-

96 4622 154 4658 zeit
186 4615 391 4653 humanistischer
421 4615 633 4651 Geisterrichtung
670 4616 784 4653 zwischen
813 4617 973 4653 Solothurn,

101 4659 190 4696 Basel
220 4656 274 4686 und
302 4654 429 4692 Freiburg
457 4655 505 4690 (im
531 4656 673 4692 Breisgau)
700 4657 740 4687 rin
767 4665 837 4693 reger
861 4658 974 4693 geistiger

97 4698 219 4734 Verkehr
237 4701 303 4726 war-
323 4695 366 4730 Zu
383 4695 465 4731 Basel
481 4696 548 4725 lebte
563 4696 668 4726 damals
685 4697 729 4726 als
741 4697 910 4732 Domdechant
928 4699 972 4727 des

97 4738 248 4779 Hochstifts
267 4736 310 4765 der
323 4735 418 4770 Probst
430 4736 474 4765 deS
484 4735 694 4772 folothurnischen
707 4737 973 4773 Chorherrenkapitels

98 4788 158 4813 von
178 4779 215 4808 E-
227 4776 290 4810 Urs,
321 4775 362 4804 der
388 4774 502 4809 splendid
529 4775 663 4812 freigebige
680 4776 807 4806 Nikolaus
826 4781 877 4806 von
895 4776 970 4806 Dier¬

99 4819 176 4855 bach,
205 4824 237 4853 zu
257 4814 341 4845 Senis
359 4815 528 4849 promovirter
547 4815 644 4845 Doktor
661 4816 703 4845 der
721 4816 816 4852 Rechte,
840 4817 883 4846 der
903 4817 973 4846 1519

98 4862 149 4891 als
167 4854 317 4890 Loadjutor
334 4854 387 4884 und
405 4854 548 4890 Mitregent
563 4855 608 4885 de»
625 4855 742 4891 Bischofs
758 4861 810 4886 von
821 4856 909 4891 Basel,
928 4856 972 4885 deS

96 4894 301 4937 hochbejahrten
328 4893 463 4929 Christoph
490 4900 541 4924 von
564 4895 704 4931 Iltenheim,
735 4897 844 4926 ernannt
871 4896 973 4927 worben

96 4946 173 4972 «ar.
183 4936 274 4970 Dieser
283 4933 391 4970 gelehrte
401 4933 499 4969 Mann,
508 4934 561 4963 dem
570 4934 700 4971 Holbeins
709 4935 765 4972 Ruf
773 4936 801 4966 in
806 4936 888 4972 Folge
897 4936 974 4972 seiner

99 4975 222 5013 Höchsten
232 4974 381 5010 Umgebung
401 4981 483 5008 genau
500 4974 607 5005 bekannt
623 4976 675 5015 sein
693 4976 788 5011 mußte,
806 4976 859 5006 und
878 4976 919 5006 der
929 4975 972 5005 ab¬

95 5016 242 5053 wechselnd
271 5014 354 5050 seinen
371 5013 427 5050 Sitz
453 5014 516 5043 bald
543 5014 571 5044 in
590 5015 749 5050 Solothurn,
766 5016 828 5046 bald
846 5016 875 5046 in
893 5016 973 5051 Basel

93 5060 187 5096 Hatte,
215 5056 247 5090 ist
274 5053 345 5089 wohl
372 5052 504 5089 derjenige,
528 5054 602 5090 durch
629 5056 707 5091 dessen
732 5056 911 5093 Vermittlung
935 5056 974 5086 die

99 5097 257 5134 Bestellung
285 5095 329 5124 des
346 5092 439 5123 Bilde»
467 5093 509 5123 der
526 5094 665 5125 Madonna
693 5100 744 5126 von
761 5095 912 5131 Solothurn
930 5096 974 5131 für

97 5141 153 5171 de«
172 5137 210 5167 E.
228 5134 418 5170 Ursenmünster
436 5133 542 5168 daselbst
558 5134 684 5171 geschehen
701 5136 795 5171 mußk,
814 5137 878 5166 den«
896 5137 929 5166 da
948 5144 974 5166 er

96 5175 216 5217 zugleich
234 5174 274 5204 die
294 5174 391 5204 Würde
420 5174 488 5203 eines
506 5173 626 5209 Probste»
644 5175 687 5205 de»
705 5176 856 5212 Pfarrstist»
874 5176 910 5206 S.
920 5176 973 5206 Urs

97 5220 186 5254 hatte,
204 5216 295 5245 konnte
314 5215 353 5244 die
370 5214 505 5250 Dotirung
522 5214 573 5243 und
592 5214 718 5251 Stiftung
744 5217 811 5246 eines
828 5224 907 5247 neuen
925 5217 974 5246 Al¬

97 5260 178 5290 täre»
206 5256 236 5285 in
263 5254 343 5291 seiner
360 5253 562 5290 Kollegiatkirche
590 5263 621 5290 ,u
639 5254 791 5291 Solothurn
820 5256 887 5292 nicht
903 5256 974 5292 wohl

89 5300 172 5333 .vh«e
200 5295 254 5331 sei«
273 5294 416 5330 vorwissrn
443 5294 499 5324 und
524 5294 588 5330 feine
612 5294 727 5331 amtliche
744 5296 917 5333 Mitwirkung
934 5303 974 5333 ge-

90 5334 230 5376 «fcheh«.'

1074 4053 1118 4082 Da
1136 4054 1167 4088 ist
1194 4054 1257 4084 denn
1276 4054 1314 4084 die
1330 4054 1433 4090 (bereits
1450 4060 1500 4085 von
1520 4056 1623 4086 anderer
1641 4056 1714 4087 Seite
1731 4058 1872 4094 geöußcrte)

1020 4092 1198 4130 Vermuthung
1217 4094 1298 4130 gewiß
1314 4095 1475 4131 naheliegend
1493 4095 1571 4134 (pag.
1589 4096 1646 4131 45),
1673 4098 1711 4127 die
1729 4099 1814 4134 Figur
1832 4100 1873 4129 deS

1020 4132 1135 4169 Bischofs
1162 4135 1209 4170 auf
1232 4135 1286 4164 dem
1302 4135 1491 4171 Holbeinischen
1510 4137 1727 4168 Madonnenbilde
1755 4139 1787 4173 sei
1816 4140 1873 4170 eben

1020 4172 1067 4202 das
1086 4174 1205 4207 Portrait
1223 4175 1378 4211 Dirsbach's,
1405 4177 1447 4206 der
1466 4177 1508 4206 als
1527 4176 1668 4212 Loadjutor
1686 4178 1737 4208 und
1756 4179 1873 4215 defignir»

1020 4213 1058 4243 ter
1074 4213 1226 4250 Nachfolger
1243 4216 1286 4245 deS
1303 4215 1418 4252 Bischofs
1435 4221 1487 4246 von
1504 4217 1582 4252 Basel
1599 4217 1670 4252 schon
1687 4218 1789 4248 damals
1807 4220 1873 4255 kurz¬

1020 4256 1073 4289 weg
1102 4254 1158 4288 .der
1185 4254 1301 4290 Bischof'
1331 4254 1377 4291 (P.
1400 4256 1473 4290 Alex.
1491 4256 1605 4292 Schmid,
1629 4257 1699 4287 Ord.
1718 4257 1788 4295 Cap.
1826 4260 1873 4289 Die

1020 4292 1189 4330 Kirchensätze,
1217 4295 1314 4330 Stifts-
1340 4296 1392 4325 und
1410 4296 1665 4332 Pfarr-Geistlichkeit
1694 4299 1735 4328 deS
1754 4299 1873 4329 Kantons

1020 4332 1179 4369 Solothurn.
1225 4334 1375 4369 Solothurn
1405 4336 1487 4371 1857)
1517 4337 1575 4367 oder
1615 4338 1671 4373 .der
1706 4340 1874 4374 neuerwöhlte

1020 4373 1135 4409 Bischof'
1161 4374 1220 4409 hieß
1245 4374 1330 4410 («dg.
1347 4376 1477 4410 Abschiede
1493 4375 1548 4410 III.
1565 4378 1592 4412 2,
1612 4386 1680 4416 pag.
1700 4380 1777 4408 1229.
1806 4379 1874 4409 1529

1021 4414 1099 4450 Mörz
1118 4413 1181 4448 18.).
1208 4415 1322 4449 Wüßten
1340 4416 1389 4445 wir
1406 4425 1458 4446 nur
1476 4417 1544 4452 mehr
1562 4422 1615 4447 von
1632 4418 1686 4448 dem
1704 4419 1813 4454 Manne,
1831 4428 1874 4449 um

1020 4457 1071 4484 uns
1100 4454 1163 4483 über
1190 4454 1240 4489 sein
1258 4455 1414 4490 Verhültniß
1432 4465 1463 4492 zu
1481 4456 1593 4492 Holbein
1613 4458 1653 4487 ein
1671 4458 1771 4493 Urtheil
1789 4459 1875 4490 bilden

1020 4502 1051 4530 zu
1068 4495 1170 4524 können.
1191 4494 1259 4524 Was
1277 4495 1326 4524 wir
1343 4496 1466 4531 gefunden
1485 4496 1574 4531 haben,
1594 4497 1626 4530 ist
1645 4498 1802 4534 Folgende»:

1072 4534 1200 4565 Nikolaus
1216 4540 1268 4564 von
1286 4535 1417 4570 Diesbach,
1444 4537 1487 4565 der
1503 4537 1582 4571 Sohn
1600 4538 1644 4567 des
1660 4538 1690 4568 in
1706 4539 1750 4568 der
1766 4539 1873 4569 Berner-

1020 4575 1072 4605 und
1090 4574 1372 4610 Schweizer-Geschichte
1385 4576 1530 4610 wiederholt
1541 4576 1758 4610 hervorketenden
1769 4579 1874 4615 Ludwig

1020 4619 1071 4644 von
1098 4613 1221 4649 Diesbach
1248 4622 1298 4643 von
1325 4614 1397 4645 Bern
1423 4615 1507 4651 («dg.
1534 4616 1663 4652 Abschiede
1689 4616 1743 4652 IU,
1761 4620 1788 4653 2,
1808 4627 1874 4657 pag.

1022 4655 1100 4684 1229.
1137 4654 1206 4684 1520
1234 4655 1312 4690 Mürz
1340 4655 1383 4684 18.
1409 4656 1462 4685 und
1490 4655 1539 4690 IV,
1567 4658 1592 4691 1,
1620 4666 1690 4697 pag.
1718 4661 1759 4688 17.
1799 4660 1876 4694 1521,

1021 4695 1099 4731 Mür,
1117 4696 1168 4729 10.,
1194 4695 1275 4730 vergl.
1296 4695 1353 4730 Leu,
1372 4694 1426 4724 VI.
1445 4697 1481 4725 76
1497 4696 1510 4732 f
1517 4697 1537 4732 ),
1563 4698 1626 4733 nach
1652 4699 1703 4729 Leu
1729 4698 1767 4735 (a.
1786 4708 1811 4730 a.
1829 4701 1857 4730 O
1864 4700 1876 4735 )

1020 4736 1125 4770 geboren
1145 4736 1224 4770 1478,
1243 4736 1338 4765 Doctor
1356 4736 1398 4765 der
1416 4736 1551 4772 geistlichen
1571 4738 1659 4774 Rechte
1686 4744 1737 4770 von
1755 4740 1797 4769 der
1815 4740 1875 4770 llni-

1019 4775 1122 4810 verfitüt
1149 4774 1242 4809 Siena,
1269 4775 1340 4804 ward
1369 4776 1439 4811 (nach
1463 4776 1567 4812 Schmid
1585 4786 1612 4806 a.
1630 4786 1654 4807 a.
1674 4778 1720 4814 0.)
1739 4779 1774 4809 im
1792 4779 1876 4815 Jahre

1022 4816 1091 4845 1500
1109 4814 1279 4851 EtistSprobst
1305 4824 1336 4850 zu
1362 4816 1521 4851 Solothurn-
1555 4817 1609 4853 Im
1637 4818 1735 4855 August
1754 4820 1824 4849 1503
1842 4828 1875 4850 er¬

1019 4855 1107 4890 scheint
1133 4864 1159 4885 er
1186 4855 1330 4891 urkundlich
1357 4857 1401 4886 als
1427 4856 1521 4891 Probst
1547 4858 1609 4889 (von
1637 4859 1798 4895 Solothurn)
1825 4861 1877 4891 und

1020 4895 1099 4931 Prior
1117 4901 1168 4925 von
1186 4895 1312 4931 Baucluse
1330 4895 1413 4932 («dg.
1435 4896 1519 4933 Absch.
1530 4896 1586 4931 III,
1599 4898 1625 4932 2,
1644 4907 1712 4937 pag.
1724 4900 1798 4934 239).
1827 4901 1877 4931 Als

1020 4936 1061 4965 der
1086 4935 1280 4973 Jetzer-Handel
1298 4944 1328 4971 zu
1345 4936 1418 4967 Bern
1445 4938 1539 4973 spielte,
1568 4940 1647 4974 1508,
1675 4945 1731 4970 war
1756 4941 1876 4976 Diesbach

1023 4975 1183 5011 .bäpstlicher
1201 4976 1335 5011 Heiligkeit
1353 4976 1547 5014 Kämmerling'
1568 4987 1602 5014 zu
1615 4979 1692 5015 Rom,
1709 4980 1762 5010 und
1780 4981 1819 5011 die
1831 4982 1877 5012 Re¬

1020 5016 1125 5052 gierung
1151 5015 1230 5051 nahm
1256 5016 1321 5051 seine
1337 5016 1514 5054 BermiUlung
1532 5019 1560 5049 in
1580 5020 1718 5057 Anspruch,
1746 5029 1790 5050 um
1820 5027 1877 5051 vom

1020 5056 1111 5093 Pabste
1129 5056 1167 5086 die
1185 5055 1363 5092 Jurisdiction
1382 5058 1409 5087 in
1428 5058 1481 5088 dem
1499 5058 1614 5095 Prozesse
1640 5068 1714 5096 gegen
1732 5061 1771 5090 die
1789 5062 1878 5091 Domi.

1019 5097 1122 5126 nikauer
1139 5104 1169 5131 zu
1189 5095 1311 5131 erhalten,
1330 5096 1375 5130 (v.
1394 5097 1535 5132 Aushelm»
1552 5099 1675 5135 Chronik,
1693 5105 1744 5130 von
1762 5100 1879 5131 Stterli«

1020 5137 1071 5166 und
1090 5135 1168 5171 Wyß,
1187 5134 1240 5171 IV,
1257 5144 1328 5174 pag.
1345 5138 1372 5171 5.
1390 5137 1448 5173 27.)
1466 5138 1515 5168 Leu
1533 5140 1613 5169 nennt
1630 5139 1677 5173 ihn
1695 5139 1755 5175 auch
1774 5138 1878 5171 Proto-

1019 5174 1157 5205 notarius
1170 5175 1373 5214 Apostolicus.
1400 5177 1463 5207 Seit
1480 5183 1558 5209 wann
1576 5178 1700 5215 Diesbach
1719 5180 1772 5210 dem
1782 5181 1878 5210 Basler

1020 5215 1181 5251 Domkapitel
1198 5216 1333 5252 angehörk
1361 5217 1413 5247 und
1440 5222 1518 5248 wann
1536 5226 1563 5248 er
1581 5218 1620 5247 die
1638 5218 1721 5249 Stelle
1739 5220 1782 5249 de»
1801 5220 1878 5249 Dom-

1020 5257 1109 5285 dekans
1128 5255 1226 5291 erhielt,
1243 5256 1331 5292 wissen
1347 5258 1398 5287 wi,
1416 5257 1490 5293 nicht.
1517 5259 1574 5289 Den
1592 5259 1638 5287 28.
1650 5258 1712 5289 Mai
1733 5259 1802 5288 1519
1820 5260 1879 5290 aber

1019 5296 1092 5327 ward
1109 5303 1136 5325 er
1154 5300 1205 5326 von
1221 5296 1276 5325 dem
1303 5296 1434 5327 alternden
1450 5297 1558 5332 Bischof,
1587 5298 1702 5334 Christof
1725 5304 1778 5329 von
1805 5300 1878 5329 Uten-

1019 5335 1094 5373 heim,
1122 5336 1170 5365 mit
1187 5335 1368 5373 Zustimmung
1394 5337 1437 5367 des
1457 5337 1631 5373 Domkapitels
1657 5346 1714 5374 imn
1736 5339 1879 5375 Loadjutor

1919 4068 2106 4097 angenommen.
2122 4063 2230 4097 (Basler
2246 4062 2357 4098 Chronik
2373 4064 2418 4093 de?
2434 4065 2560 4094 Nikolaus
2569 4064 2684 4103 Gerung,
2701 4067 2768 4098 eines

1918 4101 2090 4137 BaSlerischen
2107 4102 2338 4140 EtiftSgeistlichen,
2359 4104 2480 4140 vielleicht
2498 4106 2537 4134 des
2555 4105 2767 4142 Stistsseketärs,

1919 4141 1959 4170 der
1978 4143 2118 4171 1521—29
2137 4144 2165 4173 in
2184 4144 2262 4178 Basel
2278 4144 2351 4179 lebte,
2377 4145 2431 4174 und
2457 4146 2517 4181 auch
2543 4146 2604 4182 nach
2622 4147 2664 4177 der
2681 4147 2768 4178 Heber-

1919 4181 2042 4218 siedelung
2059 4183 2102 4212 des
2120 4184 2294 4219 Domkapitels
2312 4184 2371 4220 nach
2390 4185 2517 4222 Freiburg
2534 4187 2571 4216 im
2582 4187 2710 4224 Breisgau
2721 4189 2769 4219 mit

1918 4221 2052 4256 demselben
2075 4222 2105 4252 in
2130 4223 2298 4260 Verbindung
2332 4224 2411 4254 blieb.
2455 4226 2615 4262 Mstgetheilt
2641 4233 2693 4257 von
2719 4228 2767 4258 Dr.

1920 4261 1968 4294 Th.
1987 4267 2038 4293 von
2055 4263 2179 4294 Liebenau
2205 4264 2241 4293 im
2267 4264 2389 4301 Anzeiger
2416 4265 2457 4301 für
2481 4266 2620 4303 Schweizer
2637 4267 2769 4304 Geschichte

1921 4301 1999 4336 1879,
2018 4311 2085 4340 pag.
2098 4303 2169 4339 220).
2204 4305 2247 4333 Da
2264 4305 2312 4334 mit
2330 4305 2405 4339 dieser
2423 4305 2545 4342 Stellung
2565 4307 2604 4337 die
2623 4307 2769 4344 Cxspectanz

1920 4341 1965 4376 auf
1983 4342 2021 4372 die
2038 4343 2173 4379 Nachfolge
2191 4344 2227 4373 im
2245 4344 2370 4381 Bisthum
2388 4346 2530 4377 verbunden
2550 4352 2616 4382 war,
2642 4348 2668 4383 so
2686 4347 2770 4383 mußte

1919 4381 1957 4411 die
1974 4382 2105 4417 päbstliche
2122 4385 2296 4421 Bestätigung,
2325 4385 2369 4419 für
2387 4385 2426 4415 die
2443 4386 2504 4422 auch
2522 4387 2570 4415 da»
2588 4388 2711 4423 Fürwott
2727 4388 2771 4418 der

1920 4421 2114 4458 eidgenössischen
2142 4425 2295 4462 Tagsatzung
2313 4425 2341 4455 in
2359 4426 2488 4461 Anspruch
2515 4435 2659 4462 genommen
2686 4429 2770 4459 wurde

1920 4461 2003 4498 (Eidg.
2022 4463 2148 4498 Abschiede
2167 4463 2222 4499 III,
2240 4465 2265 4498 2.
2285 4474 2353 4504 pag.
2373 4467 2450 4501 1167,
2469 4468 2495 4496 3.
2513 4467 2586 4502 Juni
2607 4469 2682 4503 1519,
2701 4476 2768 4507 pag.

1921 4501 2000 4537 1208,
2020 4504 2060 4533 14.
2079 4504 2219 4534 November
2239 4505 2319 4540 1519)
2347 4506 2395 4535 mit
2421 4506 2551 4542 kolossalen
2581 4507 2708 4538 Summen
2735 4517 2770 4539 er¬

1920 4542 1993 4572 wirkt
2010 4543 2117 4578 vrrd.-n,
2144 4543 2231 4578 Welche
2248 4544 2389 4580 Wurstisen
2406 4545 2435 4575 in
2451 4546 2528 4580 seiner
2545 4547 2644 4577 Basler
2662 4547 2772 4584 Chronik

1919 4580 1984 4613 (Ed.
2005 4583 2082 4617 1580,
2100 4592 2168 4621 pag.
2188 4582 2355 4619 DXXVIII,
2375 4583 2429 4614 Ed.
2450 4587 2527 4620 1765,
2546 4594 2617 4625 pag.
2637 4589 2698 4622 504,
2716 4589 2770 4624 vgl.

1920 4622 2015 4657 Amiet,
2033 4623 2109 4653 Anm.
2128 4625 2173 4658 37)
2192 4624 2344 4660 aufführt.')

1977 4728 1997 4763 ')
2016 4728 2053 4757 Cs
2071 4736 2129 4765 mag
2147 4729 2218 4764 heute
2236 4729 2294 4764 noch
2312 4730 2473 4765 interesfiren,
2491 4740 2522 4766 zu
2538 4732 2695 4767 vernehmen,
2712 4734 2772 4763 wel¬

1922 4763 1972 4798 ches
1991 4764 2258 4801 Ausbeutungssystem
2275 4768 2317 4795 der
2335 4766 2465 4801 Päbstliche
2474 4767 2527 4803 Hof
2544 4769 2712 4798 unmittelbar
2725 4774 2773 4799 vor

1922 4800 1975 4829 de«
1988 4800 2118 4834 Ausbruch
2138 4802 2179 4831 der
2191 4802 2367 4836 Reformation
2386 4802 2431 4832 den
2449 4802 2581 4838 deutschen,
2600 4805 2663 4840 resp.
2681 4805 2773 4840 schwei¬

1920 4835 2036 4871 zerischen
2052 4836 2222 4872 Bisthümern
2238 4837 2374 4874 gegmüber
2391 4837 2541 4874 handhabte.
2559 4840 2685 4877 Diesbach
2703 4841 2773 4876 hatte

1921 4871 1981 4905 nach
1999 4871 2139 4907 Wurstisen
2158 4873 2200 4908 für
2217 4873 2256 4902 die
2272 4873 2404 4909 päbstliche
2423 4873 2608 4912 Anerkennung
2626 4877 2703 4912 seiner
2714 4881 2774 4907 vom

1921 4906 2023 4943 Bischof
2040 4908 2092 4937 und
2110 4908 2268 4943 Domkapitel
2287 4909 2436 4945 getroffenen
2453 4910 2535 4946 Wahl
2552 4919 2612 4947 zum
2629 4912 2772 4949 Coadjutor

1921 4950 1952 4970 ru
1970 4942 2115 4971 cntrtdbten:

2450 4981 2620 5017 Goldgulden.
2638 4983 2775 5021 Schilling.

1921 5018 2239 5055 Jacob»Pouzet,Bischof
2248 5028 2278 5055 zu
2287 5020 2399 5056 Melphi,
2414 5020 2455 5051 de»

1957 5053 2065 5089 Pabste»
2081 5056 2216 5091 Tresorier,
2233 5056 2262 5085 in
2280 5057 2319 5087 die
2336 5057 2454 5092 apostoli-

1957 5089 2029 5123 lisch«
2045 5090 2164 5121 Kammer

1923 5125 2097 5161 Demselbigen
2114 5127 2388 5163 Kammerpräsidenten
2406 5129 2458 5158 und

1957 5160 2040 5195 seinen
2047 5162 2177 5198 Kollegen,
2194 5165 2247 5193 und
2264 5172 2320 5200 pro
2336 5163 2455 5194 wwato

1958 5196 2093 5231 ssrvitio,
2108 5199 2151 5234 für
2162 5200 2231 5228 einen
2241 5200 2357 5235 geringen
2367 5200 2455 5234 Dienst

1923 5231 1978 5262 Des
1996 5232 2102 5266 Pabste»
2119 5234 2254 5269 Geheime»
2271 5234 2395 5271 (Herrru)
2407 5237 2457 5265 und

1960 5267 2081 5303 Dienern,
2098 5269 2142 5305 sür
2159 5271 2212 5300 drei
2230 5271 2329 5306 geringe
2347 5271 2455 5306 Dienste,

1959 5302 2035 5337 ihnen
2060 5305 2151 5343 solcher
2177 5306 2346 5342 Wohlhalte«
2370 5315 2404 5343 zu
2420 5314 2458 5343 ge¬

1959 5338 2034 5376 hörig

2529 5094 2581 5122 133

2543 5201 2581 5228 36

2545 5343 2581 5371 91

2844 4083 2851 4090 -
2867 4069 2916 4099 Die
2933 4077 2996 4098 neue
3013 4069 3137 4106 Stellung
3155 4070 3252 4106 brachte
3264 4072 3395 4108 Diesbach,
3414 4073 3565 4109 namentlich
3581 4074 3611 4103 in
3622 4074 3670 4104 den

2813 4108 3003 4145 Streitigkeiten
3022 4110 3064 4139 de»
3084 4111 3233 4145 Domstifte»
3251 4112 3298 4141 mit
3316 4112 3359 4142 der
3376 4113 3458 4142 Stadt
3468 4113 3545 4148 Basel
3562 4114 3591 4143 in
3608 4114 3670 4143 viel¬

2812 4148 2895 4184 fachen
2912 4149 3023 4184 Verkehr
3049 4150 3098 4179 mit
3125 4151 3169 4179 der
3189 4150 3343 4188 Tagsatzung
3369 4152 3454 4188 («dg.
3472 4152 3600 4189 Abschiede
3617 4152 3670 4189 IV,

2815 4190 2839 4223 1,
2857 4188 2995 4218 EtricklerS
3022 4189 3245 4226 Aktenfawmlung
3273 4200 3317 4228 zur
3346 4192 3560 4229 Schweizerischen
3580 4194 3669 4228 Refor¬

2813 4229 3049 4265 mationsgeschichte
3078 4229 3114 4265 I),
3140 4230 3182 4260 bei
3209 4232 3253 4261 der
3278 4240 3304 4261 er
3331 4232 3444 4268 offenbar
3474 4232 3526 4262 eine
3555 4233 3669 4269 genehme

2814 4269 2908 4304 Person
2929 4274 2995 4299 war.

2866 4322 2909 4357 In
2935 4323 2978 4352 der
2996 4323 3295 4360 Bisthumsverwaltung
3322 4325 3428 4361 dagegen
3454 4330 3510 4355 war
3529 4326 3663 4362 Diesbach,

2815 4361 2862 4391 wir
2888 4366 2940 4392 unS
2959 4362 3063 4399 Gerung
3089 4363 3211 4398 berichtet,
3238 4364 3301 4399 nicht
3321 4364 3441 4400 glücklich.
3478 4365 3514 4394 Er
3535 4366 3599 4395 lebte
3617 4366 3667 4396 mit

2814 4401 2869 4430 dem
2886 4402 2987 4438 Bischof
3013 4403 3130 4438 Während
3158 4404 3233 4437 seiner
3262 4411 3355 4439 ganzen
3372 4404 3614 4442 Seschästssührung
3640 4407 3669 4437 in

2815 4440 2927 4477 Konflikt
2946 4442 2999 4473 und
3016 4442 3085 4477 hatte
3101 4443 3174 4473 dabei
3191 4443 3303 4479 offenbar
3321 4444 3381 4480 auch
3392 4444 3430 4474 die
3439 4445 3668 4481 DomkapUularen

2816 4488 2889 4516 gegen
2907 4481 2962 4516 sich.
2980 4482 3031 4511 Als
3049 4491 3074 4512 er
3093 4482 3136 4517 fich
3156 4482 3229 4517 daher
3241 4482 3396 4520 überzeugte,
3414 4483 3462 4519 daß
3475 4493 3501 4514 er
3512 4486 3556 4515 als
3565 4485 3665 4521 Bischof

2815 4520 2881 4555 nicht
2906 4520 3086 4558 durchdringen
3112 4522 3198 4552 Würde
3220 4537 3254 4543 —
3281 4523 3307 4558 so
3334 4524 3456 4560 verstehen
3482 4524 3530 4555 wir
3549 4525 3669 4561 Gerungs

2688 5202 2722 5230 36

2689 5342 2723 5370 30

3344 4619 3511 4655 Soldgulden.
3530 4621 3667 4658 Schilling.

2817 4666 2870 4695 Der
2896 4666 3016 4695 Kammer
3043 4666 3085 4696 der
3112 4667 3261 4701 Kardinäle,
3290 4667 3350 4702 auch

2852 4701 2922 4736 ihren
2942 4701 3164 4736 Familiaribns,
3183 4704 3227 4733 das
3246 4705 3276 4738 ist
3283 4703 3348 4739 Hof-

2853 4739 2905 4767 und
2923 4738 3095 4773 Dienstleuten
3420 4740 3472 4767 549
3599 4742 3617 4770 6

3374 4774 3497 4804 Dukaten.
3552 4776 3653 4812 Julier.

2819 4810 2876 4838 Den
2893 4808 3133 4845 Cantzleischreibern
3441 4811 3475 4840 61
3601 4813 3618 4841 5

2819 4846 2884 4875 Dem
2895 4845 3011 4880 Collegia
3026 4846 3068 4875 der
3085 4844 3258 4880 apostolische«
3265 4844 3351 4875 Eolli-

2855 4880 2977 4910 cstatorm
2994 4880 3050 4910 oder
3068 4880 3191 4915 Ausrufer
3439 4882 3474 4910 25
3599 4884 3616 4912 6

2820 4917 2884 4946 Dem
2901 4916 3015 4951 Collegio
3032 4916 3073 4945 der
3091 4915 3291 4951 Getreideherren
3309 4916 3352 4946 der

2855 4952 2937 4981 Stadt
2964 4952 3038 4986 Rom,
3067 4949 3275 4981 Praosidsntos
3298 4960 3353 4982 an-

2855 4995 2941 5016 nonae
2959 4989 3069 5022 genannt
3428 4989 3480 5017 153
3600 4989 3655 5024 8‘/‘

2821 5024 2883 5052 Dem
2901 5022 3015 5058 Collegio
3038 5022 3081 5052 der
3107 5022 3258 5058 päbstliche«
3275 5023 3353 5053 Käm¬

2855 5059 2975 5093 merlinge
2993 5058 3044 5087 und
3062 5059 3246 5095 Schildknrchk
3424 5060 3476 5088 102
3600 5061 3617 5088 5

2820 5095 2877 5130 Für
2882 5094 2953 5123 eine«
2960 5093 3076 5129 geringen
3085 5095 3175 5130 Dienst
3185 5096 3217 5125 et
3229 5103 3289 5124 uno
3302 5102 3356 5132 per

2855 5128 3026 5159 centenario
3443 5130 3478 5158 49

2872 5164 2914 5200 Ja
2933 5165 3049 5195 Summa
3067 5166 3121 5201 also
3139 5166 3207 5196 rund
3223 5167 3276 5195 710
3293 5164 3457 5201 Goldgulden
3474 5164 3527 5196 und
3545 5166 3599 5195 390
3616 5166 3671 5196 Du-

2821 5307 2885 5343 hielt
2911 5281 3125 5345 fichalso^zum
3150 5309 3267 5338 Dukaten
3290 5299 3341 5337 wir
3367 5309 3382 5336 1
3392 5300 3433 5345 'jtt
3448 5308 3521 5342 8,83.
3556 5308 3678 5344 Dagegen

2822 5343 2907 5378 wissen
2924 5344 2977 5373 wir
2994 5343 3067 5381 nicht,
3085 5345 3132 5374 wie
3150 5353 3177 5374 er
3194 5352 3252 5381 zum
3269 5343 3430 5380 Goldgnlden
3447 5343 3529 5378 stund.

3732 200 3784 464 MMMM
