3839 5551
159 123 258 180 M
289 123 406 186 356
475 127 671 196 Erstes
705 130 907 194 Blatt.
979 129 1014 187 8
1609 133 1895 211 MeiWtt
1931 131 2169 207 I-Hrz«,.
2639 146 2919 220 Montag.
2957 150 3053 214 33.
3091 151 3399 224 Derember
3437 157 3605 223 133«.

141 226 976 644 Neue
1045 244 3616 743 Lürcher-Mma

279 775 713 811 Abonnementspreis«.
748 788 862 810 imun.
887 789 1002 812 osionair.

116 813 138 841 8
146 814 218 840 ürich
230 818 302 839 «wenn
316 821 348 840 die
362 821 453 848 Zeilung
467 821 560 847 abaeholt
573 822 636 845 wird»
675 837 680 844 .
709 838 714 845 .
742 822 778 849 Fr.
794 826 810 846 4.
828 824 855 846 SV
882 825 919 851 Fr.
946 826 966 848 8.
981 828 1007 847 50

116 842 201 865 «chwr
212 847 234 869 >,
251 844 378 871 (»eiltUuna
393 847 442 870 btirn
458 848 605 874 '4)o|tbutrau).
642 865 647 871 .
671 864 678 871 .
758 866 766 874 .
797 852 814 874 6.
829 862 852 868 —
896 867 905 879 ,
937 853 967 875 11.
983 864 1005 871 —

117 868 152 888 De
160 868 242 893 »«Ich,
250 874 302 894 and
331 873 457 902 «Besiellung
477 875 529 898 beim
542 875 642 900 Posiamy
675 892 680 898 .
710 893 714 899 .
737 876 781 899 MI.
796 879 813 900 6.
827 880 852 901 «5

116 894 252 918 Ocftcttti
263 900 410 928 »-Ungar»
430 900 491 926 (8«ft.
507 902 526 925 b.
541 903 643 928 Poftain»
676 902 699 929 st.
713 902 732 925 ä.
748 903 780 926 #1).
795 908 814 927 4.
827 906 854 927 82

116 920 205 948 Uebrige
217 922 310 948 Slaalen
325 928 361 950 des
376 928 518 955 weltpoftd
529 930 620 952 «rein»
634 945 639 951 .
667 946 673 953 .
735 930 772 957 Fr.
785 932 813 954 II.
828 933 855 954 50
882 932 917 958 Fr.
933 936 958 955 22
961 948 964 953 .
983 945 1002 948 -

271 976 577 1008 HtetzaKtiousßureaui
597 978 746 1014 Brunngaffe
766 980 810 1008 Nr.
828 979 852 1007 2.

1223 826 1361 954 mb
1419 827 1960 987 fdimriirrifftirö
2015 830 2539 990 HOckM.

2996 804 3384 844 Jnserttonspreiser

2943 838 2984 863 Per
2997 839 3116 868 emspainge
3125 841 3227 869 Peiiijeile
3240 847 3286 866 ober
3299 846 3356 867 deren
3371 846 3442 869 SKaum

2885 864 2919 889 fiic
2934 864 2963 887 die
2978 865 3068 893 Schwei,
3080 869 3106 889 85
3121 867 3137 889 «
3141 869 3161 890 14
3163 885 3174 893 ..
3194 869 3228 894 für
3243 872 3280 892 dar
3295 871 3389 895 'itutlanb
3403 875 3430 896 40
3445 873 3462 896 «
3464 877 3482 898 13
3484 891 3495 899 ..

2754 888 2917 917 Loeal-Jnserale
2927 893 2953 914 20
2962 891 2979 914 «
2982 893 3001 914 14
3003 909 3007 914 .
3022 893 3077 918 (tjci.
3088 894 3163 920 ftnani.
3173 895 3287 926 »n,eigen,.
3303 897 3409 926 Mcilamm
3420 900 3557 929 Fr.per
3566 904 3632 929 Zeile.

2983 918 3096 948 AUeinige
3108 920 3352 950 Fnfer«le»>*»»»h»e
3365 927 3395 948 bei

2910 962 3014 981 —rr—~r
3046 947 3198 979 Kadolf
3213 951 3337 983 Home
3382 972 3413 975 ---
3462 973 3503 976 -----

2754 977 2993 1009 Annoncen.«,pebilio»
3013 985 3048 1012 für
3063 988 3100 1009 alle
3115 988 3271 1017 schweijerifchen
3289 992 3331 1013 und
3347 990 3497 1019 audlündifchen
3513 993 3628 1022 Zeitungen

3017 1016 3124 1051 Zürich,
3145 1018 3295 1052 Schiftlünde
3308 1019 3349 1048 32.

173 1086 258 1131 An
300 1094 451 1144 unsere
491 1094 786 1139 Abonnenten
824 1099 919 1141 und

358 1160 749 1213 Lotalinserenten.

192 1234 251 1268 Die
274 1237 380 1277 großen
393 1238 631 1281 Anstrengungen,
654 1239 696 1272 die
709 1241 875 1282 namentlich
890 1242 973 1282 durch

124 1277 327 1322 Ausdehnung
340 1284 397 1315 und
410 1283 645 1325 Beschleunigung
658 1286 769 1325 unseres
783 1286 973 1325 Nachrichten¬

125 1322 249 1361 dienste»
271 1325 321 1365 für
346 1328 388 1360 die
399 1328 518 1369 Hebung
540 1329 587 1362 der
605 1329 702 1363 Neuen
713 1329 973 1374 Zürcher-Zeitung

123 1369 251 1407 gemacht
276 1372 390 1405 worden
413 1373 469 1411 find
492 1374 549 1406 und
566 1373 705 1415 beständig
718 1377 841 1408 erneuert
853 1377 972 1414 werden,

121 1410 173 1451 hat
200 1413 255 1446 da»
278 1416 432 1455 Publikum
455 1416 534 1458 durch
557 1418 616 1450 eine
644 1423 701 1451 von
723 1418 803 1459 Jahr
835 1428 870 1460 zu
891 1421 972 1461 Jahr

121 1456 283 1498 gesteigerte
320 1461 399 1500 Zahl
450 1464 496 1496 der
545 1462 755 1497 Abonnement»
809 1466 970 1500 anerkannt.

121 1501 180 1534 Um
227 1508 288 1538 uns
333 1505 426 1546 hiefür
467 1506 627 1546 erkenntlich
677 1516 712 1548 zu
766 1509 858 1549 zeigen
913 1510 972 1543 und

124 1546 171 1578 der
195 1546 296 1581 Neuen
319 1550 577 1593 Zürcher-Zeitung
608 1560 675 1585 neue
696 1551 823 1592 Freunde
857 1563 890 1593 zu
925 1564 968 1595 ge-

121 1589 252 1629 Winnen,
276 1593 471 1639 beabsichtigen
493 1596 557 1632 wir.
580 1597 633 1630 mit
646 1596 776 1637 Neujahr
791 1598 848 1631 eine
858 1599 971 1639 Anzahl

118 1635 251 1669 weiterer
276 1639 509 1680 Verbesserungen
533 1641 722 1682 einzuführen.

193 1680 378 1719 Dreimal
415 1683 642 1725 wöchentlich
676 1685 700 1725 je
733 1695 782 1718 am
815 1687 969 1728 Dienstag.

115 1723 315 1767 Donnerstag
338 1730 396 1760 und
418 1728 561 1766 Samstag
584 1730 654 1762 wird
681 1730 734 1763 das
756 1731 841 1763 Blatt
863 1732 969 1773 künftig

114 1772 300 1812 regelmäßig
320 1776 372 1807 mit
396 1771 501 1808 einer
516 1772 678 1816 Beilage
700 1775 856 1814 erscheinen.
901 1777 969 1810 Das

113 1813 197 1846 wird
222 1819 414 1858 ermöglichen,
449 1818 506 1850 eine
528 1818 611 1856 Fülle
641 1819 834 1860 interessanten
857 1819 969 1860 Stoffes

113 1857 331 1899 mitzutheilen.
346 1863 394 1894 der
405 1862 498 1902 bisher
510 1867 564 1895 aus
576 1863 787 1905 Raummangel
800 1865 969 1905 wegbleiben

113 1903 229 1942 mußte.

189 1948 247 1989 Tie
294 1950 757 1993 Handelsabtheilung
800 1953 871 1986 wird
919 1964 970 1988 um

118 1990 247 2033 wichtige
274 1994 466 2036 Telegramme
500 1997 557 2027 und
579 1995 791 2035 Marktberichte
812 1997 966 2037 bereichert.

189 2037 267 2070 Dem
290 2040 460 2072 lokalen
490 2040 574 2079 Theil
607 2040 679 2072 wird
710 2041 863 2081 vermehrte
896 2044 970 2083 Auf-

111 2081 308 2117 rnerksamkeit
332 2084 460 2124 geschenkt
483 2085 598 2116 werden.

190 2125 264 2158 Eine
287 2133 344 2160 von
367 2128 466 2165 unser»
478 2128 745 2161 Stadtabonnenten
755 2130 838 2171 lange
850 2132 969 2171 ersehnte

115 2169 329 2212 Verbesserung
352 2173 423 2205 wird
446 2173 497 2204 mit
519 2173 645 2213 Neujahr
681 2173 727 2205 ins
759 2175 844 2208 Leben
867 2177 963 2209 treten.

115 2213 188 2249 Das
220 2213 494 2258 Morgenblatt
523 2217 595 2249 wird
628 2217 799 2260 beträchtlich
832 2217 968 2262 früher

117 2259 168 2291 als
193 2259 292 2299 bisher
315 2260 355 2293 im
379 2260 554 2303 Wellenberg
584 2263 640 2294 und
677 2262 707 2295 in
741 2262 814 2296 allen
837 2264 967 2305 Ablagen

117 2303 298 2344 ausgegeben
343 2307 458 2339 werden.
519 2306 575 2339 Die
618 2316 744 2346 genauen
784 2308 965 2349 Abholzeiten

116 2349 230 2380 werden
255 2349 310 2381 wir
334 2349 470 2390 seinerzeit
492 2350 530 2383 im
554 2350 652 2383 Blatte
677 2351 789 2384 bekannt
811 2353 905 2393 geben.

189 2393 262 2426 Eine
284 2395 394 2427 weitere
415 2395 537 2435 wichtige
559 2396 711 2436 Neuerung
745 2397 779 2435 ist
800 2398 904 2431 bereits
926 2407 962 2438 zu

118 2435 249 2474 Gunsten
286 2439 333 2470 der
366 2439 482 2479 verehrl.
506 2439 703 2479 Lokalins
717 2450 729 2472 e
745 2445 890 2474 centen
925 2443 965 2476 im

118 2481 348 2521 Annoncentheil
371 2484 534 2524 eingesührt.
581 2484 647 2517 Das
670 2486 735 2523 erste
757 2486 842 2518 Blatt
865 2487 965 2525 (Mor¬

119 2527 314 2567 genausgabe)
339 2528 446 2568 enthält
469 2528 588 2566 nämlich
611 2529 657 2566 seit
685 2532 733 2561 15.
747 2530 895 2569 Dezember
908 2531 965 2564 eine

125 2579 195 2602 neue
214 2572 334 2608 Rubrik,
357 2572 452 2612 welche
474 2575 555 2605 unter
578 2574 636 2605 dem
661 2573 739 2606 Titel

226 2642 419 2727 Klmer
464 2643 609 2727 Johal
630 2641 853 2729 luseigcc

115 2752 268 2789 enthalten
294 2754 366 2793 soll:
400 2754 870 2796 Wohnungsangebote
905 2758 963 2790 und

109 2795 564 2839 Wohnungsgesuche,
616 2800 963 2841 Dienstofferten

108 2840 178 2871 und
224 2840 598 2884 Stellengesuche.
644 2844 798 2883 Käufe,
856 2846 960 2879 Ber-

106 2885 242 2923 läufe
266 2887 323 2918 und
346 2887 717 2927 Verpachtungen,
740 2889 962 2929 Vermischte

108 2929 338 2970 Anzeigen
372 2931 416 2970 rc.,
449 2932 680 2970 sämmtlich
714 2934 800 2972 nach
831 2933 959 2966 Kate-

109 2974 273 3012 gorien
297 2976 377 3007 und
400 2975 439 3007 in
462 2976 798 3017 gleichmäßigem
823 2979 960 3011 Arran¬

108 3021 286 3057 gement
309 3020 519 3058 geordnet.

183 3062 245 3095 Der
264 3063 506 3102 Jnsertionspreis
542 3065 589 3103 für
621 3065 709 3103 diesen
732 3066 959 3107 Lokal-Anzeiger

107 3107 145 3144 ist
167 3116 202 3138 —
226 3108 588 3147 außerordentlich
611 3109 748 3150 billig
768 3128 800 3134 —
821 3112 872 3144 wie
888 3112 959 3152 folgt

111 3152 265 3191 angesetzt:

156 3203 391 3246 Grundtaxe
414 3204 460 3243 für
482 3205 553 3243 jedes
575 3205 693 3243 Inserat
799 3207 847 3242 10
869 3209 955 3244 Cts.

158 3246 363 3291 Worttaxe
383 3249 443 3287 (für
466 3249 538 3288 jedes
560 3250 737 3290 geschriebene

203 3294 269 3325 oder
293 3294 425 3334 gedruckte
447 3293 544 3335 Wort)
820 3296 845 3331 2
868 3297 953 3332 Cts.

178 3352 280 3390 Dieser
302 3351 602 3391 Berechnungsmodus
624 3353 769 3391 entspricht
789 3356 954 3394 Vergleichs-

108 3398 189 3433 weise
224 3405 295 3436 ganz
329 3396 451 3433 unserem
485 3395 723 3436 Schweizerischen
747 3399 951 3439 Telegraphen-

106 3441 192 3479 taris.
238 3440 280 3473 Er
302 3440 460 3480 ermöglicht
480 3440 567 3480 jedem
589 3440 758 3479 Inserenten
788 3449 845 3475 von
867 3450 952 3476 vorn-

106 3485 206 3523 herein
230 3486 272 3517 die
296 3484 396 3523 Kosten
419 3484 502 3523 seiner
526 3485 658 3517 Annonce
681 3486 758 3526 selbst
779 3497 870 3528 genau
885 3492 953 3521 aus¬

108 3528 261 3566 zurechnen
281 3529 365 3569 bezw.
395 3528 450 3567 sein
481 3528 599 3567 Inserat
632 3530 699 3568 nach
733 3532 792 3564 dem
829 3532 953 3574 Betrage

110 3571 305 3610 einzurichten,
329 3574 381 3605 den
403 3582 429 3604 er
453 3572 590 3613 ausgeben
612 3573 683 3605 will.

183 3616 278 3655 Durch
299 3618 366 3657 diese
388 3627 455 3650 neue
476 3617 640 3657 zeitgemäße
663 3617 846 3660 Einrichtung
869 3621 952 3654 beab-

104 3659 243 3700 sichtigen
265 3662 325 3698 wir.
349 3664 399 3695 den
420 3661 576 3702 Interessen
609 3662 657 3693 de»
675 3661 780 3695 lokalen
804 3664 950 3697 Kleinver-

101 3704 192 3738 kehrs
227 3707 518 3746 entgegenzukommen.
552 3706 617 3739 Wir
650 3706 752 3738 wollen
783 3710 949 3749 namentlich

103 3748 178 3787 auch
203 3749 264 3781 dem
286 3750 381 3784 Klein-
405 3752 461 3784 und
487 3751 728 3784 Detail-Gewerbe
759 3753 947 3791 ermöglichen,

100 3794 179 3832 seine
203 3793 376 3835 Erzeugnisse
397 3796 454 3827 und
475 3795 601 3828 Waaren
632 3796 746 3827 weitern
767 3794 879 3835 Kreisen
903 3796 947 3828 be¬

99 3840 191 3871 kannt
214 3847 249 3877 zu
273 3839 381 3878 machen
403 3841 460 3872 und
482 3848 515 3878 zu
539 3840 699 3879 empfehlen.

157 3883 224 3921 Zur
247 3883 473 3924 Bequemlichkeit
494 3884 544 3916 de»
565 3884 625 3916 Tit.
649 3884 817 3923 Publikum»
838 3886 946 3917 werden

101 3932 153 3959 an
187 3927 506 3967 verschiedenen
541 3928 676 3961 Orten
710 3930 776 3961 der
810 3929 945 3962 Stadt

1019 1095 1100 1126 und
1143 1095 1480 1136 Ausgenieinden
1532 1097 1858 1138 Jnseratenan-

1020 1146 1037 1169 n
1050 1147 1067 1170 a
1082 1138 1099 1177 h
1112 1148 1139 1172 m
1153 1149 1164 1171 e
1178 1154 1188 1166 -
1202 1139 1230 1174 S
1243 1142 1253 1172 t
1266 1150 1279 1173 e
1291 1140 1302 1172 l
1314 1141 1325 1174 l
1338 1151 1350 1173 e
1363 1150 1381 1174 n
1436 1142 1482 1181 für
1538 1143 1587 1176 den
1642 1143 1857 1180 „Kleinen

1018 1182 1416 1226 Lokal-Anzeiger"
1446 1186 1576 1227 errichtet,
1600 1188 1694 1226 welche
1718 1190 1770 1221 wir
1783 1190 1856 1223 dem¬

1019 1227 1107 1266 nächst
1130 1227 1245 1262 bekannt
1268 1229 1351 1269 geben
1376 1231 1489 1263 werden.

1084 1272 1139 1306 Die
1162 1273 1562 1312 Annoncen-Administration
1600 1275 1706 1314 rechnet
1742 1286 1789 1310 um
1828 1279 1855 1315 so

1018 1315 1125 1354 sicherer
1149 1318 1199 1357 auf
1222 1318 1264 1351 die
1289 1318 1421 1360 allseitige
1444 1321 1650 1362 Unterstützung
1674 1322 1722 1353 des
1737 1322 1854 1361 verehrl.

1016 1360 1187 1400 Publikums
1210 1366 1265 1395 von
1289 1363 1393 1402 Zürich
1415 1364 1472 1396 und
1493 1365 1727 1405 Ausgemeinden,
1751 1371 1797 1399 als
1814 1368 1855 1399 die

1022 1405 1115 1442 „Neue
1139 1406 1416 1447 Zürcher-Zeitung"
1444 1408 1546 1449 infolge
1569 1410 1644 1448 ihrer
1666 1411 1767 1449 starken
1784 1411 1854 1444 Ver-

1017 1448 1146 1492 breitung
1170 1451 1199 1484 in
1223 1451 1298 1484 allen
1321 1453 1654 1494 Bevölkerungsschichten
1678 1454 1798 1495 ohnehin
1812 1456 1855 1489 ein

1016 1502 1087 1534 ganz
1110 1496 1344 1536 ausgezeichnetes
1368 1498 1424 1530 und
1447 1497 1575 1531 beliebtes
1598 1498 1855 1541 Jnsertionsorgan

1016 1537 1059 1577 ist,
1083 1540 1141 1572 und
1150 1540 1283 1577 Inserate
1306 1541 1336 1573 in
1360 1541 1491 1579 derselben
1504 1543 1774 1585 erfahrungsgemäß
1790 1551 1855 1577 vom

1016 1582 1103 1623 besten
1126 1583 1225 1626 Erfolg
1248 1585 1375 1626 begleitet
1396 1586 1462 1626 find.

1058 1643 1173 1697 Hrrlag
1201 1646 1261 1688 und
1294 1644 1725 1697 Anuonlen-Adminikratina
1755 1650 1807 1692 d»

1226 1707 1329 1758 Neuen
1361 1708 1641 1762 Iurcher-Ieitunz.

1014 1824 1088 1875 Dies
1114 1828 1176 1869 und
1204 1826 1302 1876 Jenes
1330 1838 1388 1871 uns
1415 1832 1465 1872 der
1491 1831 1852 1884 Dundesversammlung.

1078 1894 1142 1926 Wie
1165 1895 1269 1935 gestern
1291 1905 1324 1935 zu
1347 1893 1499 1937 befürchten
1530 1899 1618 1937 stand,
1650 1897 1700 1939 hat
1723 1899 1769 1932 der
1793 1901 1853 1933 Na¬

1012 1938 1169 1978 tionalrath
1193 1942 1223 1972 es
1246 1939 1421 1981 abgewiesen,
1445 1942 1494 1983 auf
1510 1943 1599 1982 seinen
1612 1943 1748 1982 Beschluß
1761 1952 1853 1985 wegen

1012 1983 1060 2015 des
1094 1982 1185 2026 Sitzes
1219 1984 1267 2017 des
1304 1985 1553 2024 Landesmuseums
1590 1989 1850 2027 zurückzukommen.

1012 2026 1068 2059 Die
1090 2027 1180 2067 Sache
1203 2027 1288 2062 bleibt
1320 2030 1401 2068 somit
1430 2031 1480 2070 auf
1514 2031 1556 2064 die
1593 2031 1852 2073 Frühjahrssesfion

1011 2071 1178 2111 verschoben,
1201 2073 1296 2112 welche
1319 2075 1394 2107 Ende
1409 2075 1495 2115 März
1518 2076 1654 2117 beginnen
1677 2077 1737 2116 soll.
1783 2078 1851 2117 Also

1012 2115 1055 2148 ein
1078 2121 1179 2157 ganze»
1202 2118 1374 2158 Vierteljahr
1406 2120 1473 2159 lang
1503 2120 1593 2159 haben
1627 2121 1669 2153 die
1704 2122 1853 2156 Bewerber

1011 2159 1109 2193 wieder
1131 2161 1206 2201 Zeit,
1229 2163 1296 2200 nach
1319 2163 1379 2195 dem
1402 2163 1466 2202 Ziel
1499 2174 1532 2204 zu
1555 2165 1667 2204 streben.
1715 2167 1756 2199 Es
1779 2173 1850 2204 war.

1011 2204 1063 2237 wie
1085 2205 1138 2238 wir
1160 2206 1237 2244 schon
1259 2206 1358 2246 früher
1378 2209 1480 2248 gesagt,
1501 2210 1553 2241 wie
1580 2209 1622 2242 bei
1646 2210 1734 2243 einem
1760 2211 1851 2244 Wett-

1011 2258 1123 2282 rennen.
1168 2250 1224 2283 Ein
1239 2251 1326 2291 Pferd
1342 2258 1402 2284 war
1425 2257 1532 2285 voraus
1555 2255 1613 2287 und
1636 2255 1671 2287 da
1696 2264 1762 2288 man
1784 2256 1851 2289 das-

1009 2293 1079 2331 selbe
1101 2294 1174 2332 nicht
1197 2295 1244 2327 als
1268 2295 1369 2335 Sieger
1392 2297 1527 2336 ausrufen
1549 2298 1652 2334 wollte,
1687 2301 1781 2333 wurde
1805 2301 1851 2333 der

1009 2337 1181 2378 Wettkampf
1204 2339 1353 2380 eingestellt
1375 2342 1431 2374 und
1455 2341 1498 2374 ein
1531 2347 1615 2375 neues
1640 2344 1755 2376 Rennen
1778 2346 1850 2378 wird

1009 2383 1207 2422 veranstaltet:
1232 2385 1259 2416 d.
1281 2384 1310 2424 h.
1333 2385 1394 2426 jetzt
1416 2386 1479 2426 geht
1501 2387 1546 2419 der
1561 2387 1659 2420 Markt
1682 2389 1781 2421 wieder
1793 2391 1848 2422 lo».

1009 2425 1085 2460 Was
1117 2427 1196 2460 dabei
1227 2429 1454 2468 herauskommen
1487 2431 1566 2466 wird,
1602 2439 1657 2464 wer
1692 2434 1762 2466 kann
1796 2434 1849 2467 das

1009 2472 1225 2512 Voraussagen?
1272 2473 1357 2506 Denn
1385 2474 1413 2513 so
1441 2475 1603 2515 unpolitisch
1637 2477 1691 2510 da»
1725 2477 1847 2512 Landes¬

1010 2516 1133 2554 museuni
1158 2517 1223 2556 auch
1247 2517 1289 2557 ist,
1324 2518 1351 2557 so
1384 2518 1465 2558 spielt
1499 2520 1563 2558 auch
1599 2520 1657 2559 hier
1680 2522 1721 2554 die
1743 2521 1849 2563 Politik

1010 2559 1069 2592 eine
1090 2561 1182 2593 Rolle.
1228 2562 1275 2594 So
1299 2563 1369 2595 wird
1390 2572 1414 2603 z.
1438 2563 1476 2596 B.
1501 2563 1657 2604 behauptet,
1682 2570 1711 2598 es
1732 2567 1768 2605 sei
1790 2577 1848 2600 nur

1009 2604 1063 2637 mit
1085 2605 1219 2646 Rücksicht
1243 2607 1293 2645 auf
1316 2607 1358 2639 die
1373 2607 1542 2648 Freiburger
1564 2610 1711 2649 geschehen,
1734 2612 1789 2650 daß
1805 2612 1848 2645 die

1009 2649 1148 2687 durchaus
1170 2651 1352 2690 zweifelhafte
1373 2651 1463 2691 Wahl
1485 2653 1618 2692 Pythons
1641 2654 1679 2686 im
1696 2656 1848 2689 National-

1007 2694 1086 2733 rathe
1110 2695 1201 2735 gültig
1224 2696 1323 2727 erklärt
1339 2698 1448 2728 worden
1460 2697 1504 2733 sei.
1535 2698 1678 2737 Politische
1690 2699 1845 2738 Konstella-

1007 2737 1102 2770 tionen
1126 2740 1182 2771 und
1204 2739 1444 2782 Versprechungen
1466 2742 1602 2782 künftiger
1614 2743 1712 2776 Gaben
1731 2745 1844 2784 dürften

1008 2782 1074 2821 auch
1086 2783 1177 2821 später
1185 2783 1284 2816 wieder
1294 2785 1369 2824 mehr
1376 2785 1423 2818 ins
1433 2784 1553 2825 Gewicht
1560 2787 1656 2827 fallen,
1669 2789 1715 2820 als
1727 2789 1768 2821 die
1775 2789 1846 2829 fach-

1006 2826 1092 2865 lichen
1104 2826 1232 2865 Gründe,
1252 2828 1295 2861 die
1314 2829 1363 2869 für
1381 2829 1449 2868 diese
1463 2831 1528 2863 oder
1539 2831 1597 2870 jene
1608 2831 1699 2864 Stadt
1712 2833 1844 2872 sprechen.

1005 2871 1109 2911 Zürich
1144 2872 1193 2912 hat
1216 2873 1328 2913 gethan,
1353 2878 1414 2906 was
1450 2878 1478 2906 es
1501 2875 1572 2916 thun
1595 2877 1700 2913 konnte,
1726 2886 1774 2911 um
1798 2879 1845 2911 der

1005 2914 1079 2955 Ehre
1112 2916 1161 2948 des
1182 2916 1273 2959 Sitzes
1307 2919 1462 2959 gewürdigt
1483 2928 1517 2959 zu
1539 2921 1647 2952 werden
1679 2922 1735 2954 und
1758 2926 1788 2954 es
1811 2923 1844 2962 ist

1005 2959 1095 2992 reiner
1119 2961 1199 2997 Neid,
1235 2962 1297 3001 dieß
1319 2964 1367 2995 als
1394 2965 1556 3004 unwürdige
1579 2966 1706 2997 Reklame
1740 2971 1842 3006 auszu¬

1003 3004 1090 3043 legen.
1128 3006 1292 3046 Diejenigen
1307 3007 1445 3042 Männer,
1467 3008 1509 3040 die
1531 3009 1584 3041 mit
1598 3010 1842 3052 uneigennütziger,

1005 3048 1090 3088 höchst
1124 3051 1409 3090 verdankenswerther
1431 3052 1559 3093 Hingabe
1593 3054 1640 3092 für
1662 3055 1763 3093 Zürich
1797 3065 1842 3096 ge¬

1004 3093 1121 3125 arbeitet
1143 3094 1245 3133 haben,
1266 3096 1366 3135 dürfen
1389 3097 1441 3128 mit
1464 3096 1676 3139 Genugthuung
1710 3101 1760 3138 auf
1782 3101 1843 3139 ihre

1003 3136 1161 3177 Thätigkeit
1183 3139 1382 3177 zurückblicken,
1406 3140 1500 3180 welche
1523 3142 1595 3182 nicht
1617 3144 1698 3175 darin
1721 3143 1840 3183 bestand,

1002 3181 1044 3212 die
1067 3182 1209 3223 Angebote
1243 3185 1357 3216 anderer
1379 3184 1483 3218 Städte
1516 3195 1551 3225 zu
1584 3187 1749 3221 verkleinern
1782 3190 1841 3222 und

1002 3225 1208 3267 herabzusetzen,
1232 3229 1347 3266 sondern
1380 3228 1446 3269 bloß
1469 3231 1562 3266 darin,
1599 3231 1747 3272 diejenigen
1770 3233 1840 3273 sach-

1000 3270 1085 3308 lichen
1103 3270 1219 3305 Gründe
1243 3272 1460 3313 hervorzuheben
1483 3276 1541 3307 und
1563 3276 1630 3315 nach
1653 3277 1726 3309 allen
1738 3276 1840 3311 Seiten

999 3323 1031 3351 zu
1057 3314 1218 3353 beleuchten,
1242 3317 1338 3355 welche
1360 3327 1419 3350 nun
1442 3319 1547 3351 einmal
1569 3320 1767 3360 unbestreitbar
1791 3322 1840 3362 für

999 3358 1103 3397 Zürich
1126 3360 1258 3398 sprechen.
1303 3362 1385 3399 Diese
1407 3362 1526 3396 Gründe
1558 3363 1679 3403 bestehen
1701 3365 1758 3403 fort
1780 3367 1839 3399 und

999 3403 1103 3434 können
1126 3404 1198 3441 nicht
1221 3405 1416 3446 abgeschwächt
1449 3409 1566 3445 werden,
1590 3409 1666 3448 selbst
1692 3417 1772 3443 wenn
1795 3411 1837 3443 die

998 3448 1105 3479 andern
1127 3449 1232 3482 Städte
1254 3450 1302 3488 für
1325 3450 1384 3490 ihre
1402 3452 1580 3494 Bewerbung
1601 3453 1666 3492 noch
1689 3454 1838 3487 bedeutend

998 3492 1075 3529 mehr
1114 3494 1184 3530 thun
1208 3493 1315 3532 sollten,
1352 3496 1398 3528 al»
1421 3497 1455 3535 sie
1488 3497 1563 3536 schon
1600 3497 1701 3537 gethan
1736 3498 1834 3538 haben.

996 3535 1098 3575 Hoffen
1128 3538 1191 3571 wir.
1215 3538 1271 3577 daß
1293 3539 1329 3577 sie
1361 3540 1428 3579 auch
1450 3541 1490 3573 im
1512 3540 1657 3581 Frühjahr
1690 3542 1760 3583 noch
1783 3544 1837 3577 mit

996 3580 1110 3620 ruhiger
1132 3582 1315 3621 Objektivität
1338 3585 1490 3626 gewürdigt
1512 3587 1634 3618 werden!

1060 3625 1117 3662 Im
1140 3626 1255 3666 Großen
1277 3628 1335 3659 und
1357 3628 1472 3668 Ganzen
1494 3629 1543 3669 hat
1566 3630 1609 3662 die
1631 3631 1696 3671 erste
1718 3631 1834 3672 Sesiion

995 3669 1042 3700 der
1065 3678 1152 3702 neuen
1176 3670 1496 3712 Gesetzgebungsperiode
1527 3675 1614 3714 außer
1636 3676 1696 3708 dem
1719 3676 1833 3717 Budget

993 3714 1052 3744 und
1075 3714 1126 3746 den
1149 3715 1324 3754 Neuwahlen
1346 3717 1418 3755 nicht
1439 3717 1494 3750 viel
1516 3728 1550 3758 zu
1561 3718 1675 3752 Stande
1697 3719 1831 3760 gebracht.

992 3755 1166 3796 Jnterestaut
1190 3760 1222 3797 ist
1246 3761 1279 3796 sie
1302 3760 1367 3793 aber
1390 3763 1517 3801 dadurch,
1540 3763 1595 3803 daß
1608 3764 1679 3797 keine
1694 3765 1832 3804 Teffiner-

991 3798 1098 3832 debatte
1135 3803 1338 3843 stattgefunden
1373 3805 1432 3845 hat,
1470 3807 1513 3839 die
1548 3807 1620 3847 sonst
1653 3809 1699 3841 nie
1735 3809 1827 3849 fehlen

991 3843 1092 3881 durfte,
1138 3849 1304 3885 namentlich
1348 3850 1419 3888 nicht
1441 3851 1523 3884 direkt
1561 3853 1625 3891 nach
1664 3855 1714 3885 den
1748 3855 1824 3886 Neu-

989 3888 1110 3926 Wahlen.
1167 3890 1302 3924 Diesmal
1337 3894 1370 3930 ist
1403 3904 1463 3927 nun
1496 3905 1580 3936 gegen
1613 3897 1685 3929 keine
1707 3898 1831 3938 Teffiner

989 3931 1289 3973 Nationalrathswahl
1312 3937 1419 3970 Rekurs
1442 3940 1601 3980 angehoben
1624 3942 1735 3974 worden
1770 3944 1827 3975 und

1903 1101 1937 1134 da
1961 1102 2027 1141 nach
2049 1103 2099 1135 den
2123 1102 2264 1136 Stürmen
2288 1104 2336 1137 des
2358 1104 2445 1146 letzten
2469 1107 2598 1148 Herbstes
2610 1108 2641 1142 in
2654 1109 2739 1150 jenem

1903 1145 2018 1179 Kanton
2041 1147 2099 1179 eine
2123 1147 2242 1185 leidliche
2265 1149 2346 1188 Ruhe
2371 1151 2540 1191 eingetreten,
2577 1154 2602 1191 so
2627 1155 2740 1194 glaubte

1903 1190 1944 1223 die
1966 1191 2303 1234 Bundesversammlung,
2327 1194 2369 1227 die
2390 1197 2493 1231 neueste
2515 1197 2659 1239 Botschaft
2692 1200 2739 1233 des

1903 1235 2118 1274 Bundesrathes
2157 1236 2225 1269 über
2265 1238 2307 1270 die
2337 1239 2459 1280 Teffiner
2493 1242 2740 1283 Angelegenheiten

1902 1280 1953 1319 auf
1976 1280 2078 1317 nächste
2100 1280 2213 1321 Sestion
2236 1283 2400 1322 verschieben
2424 1293 2457 1323 zu
2470 1286 2576 1325 dürfen.
2623 1288 2678 1322 Sie
2691 1288 2738 1328 hat

1903 1324 1990 1356 damit
2014 1324 2096 1363 Recht
2120 1326 2230 1366 gethan.
2288 1327 2382 1360 Sollte
2417 1328 2458 1362 die
2482 1330 2668 1374 Beruhigung
2699 1333 2738 1366 im

1902 1368 1994 1409 Tessin
2018 1369 2125 1402 weitere
2147 1370 2323 1409 Fortschritte
2349 1373 2467 1410 machen,
2498 1375 2538 1406 die
2561 1376 2684 1416 Wahlen
2708 1378 2738 1411 in

1902 1413 1951 1445 den
1990 1413 2242 1455 Aerfassungsrath
2283 1417 2336 1449 und
2378 1418 2463 1457 dessen
2501 1419 2738 1464 Verhandlungen

1902 1457 1985 1498 ruhig
2009 1459 2065 1490 und
2089 1459 2197 1500 sachlich
2234 1466 2286 1493 vor
2319 1461 2367 1500 sich
2405 1462 2499 1502 gehen,
2532 1464 2559 1502 so
2594 1466 2664 1499 wird
2696 1467 2737 1500 die

1902 1501 2229 1544 Bundesversammlung
2252 1505 2326 1538 dann
2352 1515 2399 1539 um
2422 1507 2448 1545 so
2473 1508 2533 1546 eher
2548 1511 2656 1551 geneigt
2671 1511 2736 1549 sein,

1902 1545 2037 1587 bezüglich
2061 1547 2107 1579 der
2129 1548 2267 1589 Amnestie
2302 1550 2358 1582 und
2392 1552 2438 1583 der
2460 1552 2736 1596 Okkupationskosten

1903 1590 1980 1623 einen
2003 1591 2203 1631 versöhnlichen
2226 1594 2361 1634 Beschluß
2382 1605 2416 1635 zu
2439 1596 2531 1637 fassen.

1967 1635 2023 1668 Die
2046 1636 2313 1679 Budgetberothung
2347 1640 2428 1680 zeigte
2463 1642 2546 1680 diese»
2575 1643 2654 1684 Jahr
2684 1646 2735 1678 das

1902 1680 1999 1718 gleiche
2022 1681 2102 1715 Bild,
2136 1682 2187 1712 wie
2211 1683 2252 1714 die
2277 1683 2411 1721 frühern:
2448 1684 2542 1725 Große
2567 1688 2736 1730 Besorgnisse

1901 1732 1992 1764 wegen
2016 1727 2063 1757 des
2086 1725 2215 1766 Difizits,
2252 1727 2313 1763 doch
2347 1730 2397 1760 mit
2428 1729 2475 1763 der
2496 1730 2635 1770 geheimen
2657 1733 2735 1774 Hoff-

1902 1777 1989 1809 nung.
2020 1770 2075 1807 daß
2098 1770 2138 1802 die
2162 1770 2406 1813 Staatsrechnung
2436 1775 2534 1807 wieder
2569 1777 2619 1808 wie
2644 1777 2736 1818 bisher

1902 1812 1979 1845 einen
2010 1815 2182 1853 erklecklichen
2217 1816 2382 1857 Ueberschuß
2415 1828 2451 1849 an
2485 1819 2660 1860 Einnahmen
2696 1833 2734 1855 er¬

1900 1857 1984 1897 geben
2017 1859 2114 1891 werde.
2171 1859 2238 1899 Daß
2278 1861 2319 1893 ein
2356 1862 2490 1902 Mitglied
2527 1865 2574 1896 der
2612 1866 2734 1905 Bndget-

1901 1902 2081 1940 kommission,
2118 1905 2164 1935 der
2187 1904 2368 1942 konservative
2390 1907 2523 1946 Luzerner
2546 1910 2734 1951 Hochstraßer,

1900 1945 1998 1984 seinem
2011 1946 2159 1987 Ingrimm
2184 1949 2250 1981 über
2275 1950 2315 1982 die
2338 1950 2545 1994 Zurücksetzung
2570 1957 2615 1986 der
2640 1956 2735 1989 Linken

1899 1989 1942 2023 bei
1964 1992 2010 2024 der
2033 1992 2311 2034 Bundesrathswahl
2336 1996 2416 2034 durch
2439 1998 2584 2039 gewaltige
2599 1999 2735 2040 Abstriche

1900 2035 1930 2068 in
1953 2035 2049 2073 diesem
2073 2039 2128 2069 und
2144 2037 2231 2075 jenem
2247 2038 2470 2078 Departement«,
2494 2043 2660 2083 namentlich
2672 2045 2735 2078 aber

1899 2080 1965 2118 auch
1988 2079 2030 2113 bei
2054 2081 2104 2114 den
2116 2082 2319 2123 Besoldungen.
2344 2084 2408 2123 Luft
2424 2087 2535 2125 machte,
2560 2088 2635 2126 hatte
2647 2090 2735 2123 keinen

1899 2124 2006 2164 Erfolg.
2053 2125 2232 2167 Hochstraßer
2253 2127 2331 2167 selbst
2354 2129 2401 2169 sah
2429 2130 2482 2163 das
2505 2132 2627 2173 Nutzlose
2649 2134 2735 2172 seines

1898 2169 2119 2209 Unternehmens
2141 2170 2206 2204 bald
2231 2172 2286 2209 ein,
2308 2172 2453 2211 besonder»
2476 2176 2510 2207 da
2534 2176 2603 2215 seine
2624 2178 2735 2217 Partei-

1897 2214 2020 2254 genossen
2044 2214 2104 2253 ihm
2126 2215 2176 2254 auf
2198 2216 2294 2253 diesem
2304 2218 2390 2259 Wege
2414 2219 2485 2258 nicht
2496 2220 2589 2262 folgen
2612 2223 2734 2256 wollten.

1896 2257 1966 2291 Wer
1991 2257 2060 2298 ohne
2083 2267 2215 2300 genauere
2227 2262 2433 2303 Untersuchung
2457 2266 2513 2297 und
2536 2266 2605 2305 ohne
2630 2267 2735 2308 jegliche

1896 2302 2092 2343 Begründung
2114 2304 2152 2336 im
2176 2304 2288 2346 Budget
2321 2306 2534 2348 herumwüthet,
2569 2311 2622 2342 wie
2655 2320 2735 2344 wenn

1896 2346 1940 2379 ein
1962 2347 2042 2379 Wild
2066 2348 2096 2380 in
2119 2349 2195 2382 einen
2229 2351 2458 2393 wohlgepflegten
2481 2353 2589 2387 Garten
2629 2357 2733 2397 geräth,

1896 2391 1942 2423 der
1966 2392 2033 2432 muß
2056 2393 2206 2433 gegenüber
2230 2395 2281 2428 den
2310 2396 2477 2435 Fachleuten
2510 2400 2651 2440 natürlich
2684 2402 2734 2435 den

1895 2435 2035 2475 Kürzeren
2060 2437 2170 2477 ziehen;
2194 2439 2240 2471 der
2262 2439 2343 2478 Zorn
2366 2442 2398 2480 ist
2430 2442 2588 2482 überhaupt
2612 2445 2657 2477 nie
2691 2446 2734 2479 ein

1894 2482 1975 2519 guter
2019 2481 2195 2522 Rathgeber,
2240 2483 2424 2525 absonderlich
2470 2487 2542 2526 nicht
2585 2489 2617 2520 in
2662 2490 2734 2529 poli¬

1894 2524 1990 2564 tischen
2019 2525 2143 2566 Dingen.
2190 2527 2245 2561 Die
2279 2529 2404 2571 Anträge
2438 2532 2489 2571 auf
2522 2532 2661 2572 Abstriche
2694 2535 2732 2568 im

1893 2569 2006 2609 Budget
2032 2569 2151 2603 bildeten
2187 2572 2258 2604 denn
2280 2573 2347 2611 auch
2383 2584 2440 2607 nur
2477 2576 2521 2608 ein
2544 2577 2731 2619 Intermezzo,

1893 2613 1946 2645 das
1990 2619 2046 2646 von
2091 2615 2228 2648 Niemand
2285 2619 2354 2656 ernst
2410 2628 2573 2659 genommen
2629 2627 2730 2657 wurde.

1892 2657 2025 2698 Dagegen
2049 2660 2138 2700 drang
2169 2661 2215 2692 der
2248 2661 2360 2704 Antrag
2393 2664 2440 2696 der
2473 2665 2733 2701 Arbeitervertreter

1893 2703 1943 2741 auf
1966 2702 2122 2744 Erhöhung
2145 2705 2192 2737 des
2215 2706 2459 2747 Ausgabepostens
2482 2710 2530 2748 für
2553 2712 2605 2743 das
2629 2712 2732 2751 schwei¬

1891 2747 2000 2785 zerische
2010 2747 2294 2788 Arbeitersekretariat
2315 2757 2371 2785 von
2397 2754 2513 2790 10,000
2538 2756 2588 2795 auf
2613 2758 2731 2793 20.000

1892 2791 2017 2828 Franken
2043 2793 2134 2832 durch,
2158 2794 2287 2833 während
2309 2797 2356 2827 der
2378 2797 2565 2839 BundeSrath
2588 2802 2731 2844 vorläufig

1890 2844 1947 2867 nur
1975 2837 2091 2872 15,000
2114 2837 2238 2875 Franken
2262 2839 2418 2881 bewilligen
2441 2844 2543 2876 wollte.
2571 2845 2614 2877 ES
2636 2848 2730 2880 wurde

1890 2879 1957 2919 diese
1980 2880 2134 2922 Erhöhung
2157 2882 2355 2923 hauptsächlich
2378 2887 2468 2919 damit
2490 2888 2651 2929 begrüüdet.
2675 2892 2730 2930 daß

1890 2924 1934 2956 ein
1957 2925 2145 2965 französischer
2175 2927 2294 2967 Adjunkt
2328 2930 2471 2970 angestellt
2502 2934 2612 2966 werden
2645 2936 2729 2976 müffe

1890 2969 1947 3001 und
1971 2970 2025 3009 daß
2050 2970 2096 3009 für
2119 2971 2161 3002 die
2183 2972 2368 3007 Vorarbeiten
2403 2984 2454 3014 zur
2487 2977 2728 3018 sozialpolitischen

1889 3012 2087 3054 Gesetzgebung
2108 3016 2162 3047 das
2183 3016 2467 3056 Arbeitersekretariat
2489 3022 2588 3054 immer
2604 3024 2682 3063 mehr
2696 3025 2729 3058 in

1888 3057 2030 3096 Anspruch
2055 3068 2214 3099 genommen
2238 3063 2325 3094 werde
2349 3065 2406 3096 und
2431 3066 2531 3097 darum
2555 3076 2622 3100 neue
2634 3069 2727 3108 Hilfs-

1886 3102 1973 3141 kräfte
1995 3102 2174 3143 heranziehen
2197 3106 2290 3145 müsse.
2344 3108 2407 3141 Uns
2430 3109 2528 3149 scheint
2550 3112 2593 3144 die
2615 3112 2726 3154 Erhöh-

1887 3155 1945 3187 ung
1968 3147 2045 3182 wohl
2067 3147 2225 3188 begründet,
2263 3151 2355 3189 ebenso
2386 3153 2430 3185 ein
2454 3155 2568 3187 anderer
2591 3156 2727 3198 Beschluß

1885 3191 1933 3223 der
1955 3190 2291 3236 Bundesversammlung,
2316 3197 2362 3228 der
2385 3206 2456 3238 ganz
2477 3209 2511 3238 zu
2531 3200 2659 3242 allerletzt
2682 3211 2727 3242 ge-

1885 3235 1948 3275 faßt
1972 3237 2076 3271 wurde,
2112 3238 2180 3276 ohne
2203 3239 2258 3277 daß
2281 3250 2309 3271 er
2333 3240 2490 3279 besonderes
2513 3244 2651 3285 Aufsehen
2685 3257 2726 3280 er¬

1884 3282 1945 3320 regt
1967 3280 2052 3320 hätte.
2098 3283 2162 3314 Und
2183 3283 2246 3321 doch
2269 3285 2301 3323 ist
2325 3285 2408 3324 dieser
2429 3287 2565 3328 Beschluß
2579 3295 2637 3322 von
2649 3292 2726 3324 weit-

1885 3325 2032 3364 tragender
2055 3325 2228 3367 Bedeutung.
2286 3329 2328 3361 Es
2363 3331 2448 3368 sollen
2471 3334 2591 3371 nämlich
2620 3336 2726 3377 künftig

1883 3367 1939 3400 alle
1962 3369 2105 3402 Soldaten
2127 3371 2174 3409 für
2196 3373 2247 3404 den
2260 3372 2466 3415 Militärdienst
2485 3377 2537 3417 auf
2549 3378 2604 3411 alle
2612 3380 2726 3419 Unfälle

1883 3411 1933 3451 hin
1955 3414 2096 3453 versichert
2118 3416 2225 3448 werden
2261 3418 2317 3449 und
2351 3419 2393 3452 die
2421 3420 2725 3464 Versicherungskosten

1883 3458 1961 3497 trägt
1983 3457 2031 3490 der
2054 3459 2148 3491 Bund.

1948 3501 2037 3534 Ueber
2060 3503 2112 3535 das
2135 3505 2431 3550 Auslieferungsgesetz
2465 3511 2522 3543 und
2557 3512 2599 3544 die
2623 3514 2724 3548 VolkS-

1885 3545 2026 3579 initiative
2049 3547 2080 3579 in
2101 3548 2529 3594 Verfasiungsangelegenheiten
2550 3559 2660 3590 werden
2670 3559 2725 3592 wir

1886 3591 1950 3629 noch
1974 3591 2014 3629 oft
2038 3601 2071 3631 zu
2094 3592 2215 3632 sprechen
2239 3595 2349 3636 haben;
2384 3598 2459 3637 jenes
2483 3600 2568 3641 Gesetz
2603 3602 2636 3641 ist
2659 3603 2724 3642 noch

1880 3634 1952 3672 nicht
1986 3636 2108 3675 erledigt,
2143 3638 2179 3669 da
2215 3639 2342 3679 zwischen
2374 3642 2470 3675 beiden
2506 3645 2621 3684 Käthen
2657 3648 2724 3687 noch

1882 3678 2055 3719 Differenzen
2079 3680 2208 3721 bestehen,
2232 3685 2328 3724 welche
2357 3687 2407 3726 erst
2432 3687 2461 3720 in
2484 3688 2558 3721 einer
2581 3691 2723 3732 künftigen

1878 3722 1991 3762 Session
2026 3725 2140 3766 erledigt
2174 3728 2283 3761 werden
2317 3729 2410 3768 sollen.
2457 3734 2524 3766 Da»
2546 3734 2657 3775 Gleiche
2688 3737 2723 3777 ist

1879 3767 1924 3799 der
1959 3768 2027 3805 Fall
2060 3770 2112 3801 mit
2147 3771 2193 3803 der
2229 3773 2353 3814 Vorlage
2382 3775 2450 3808 über
2473 3778 2515 3810 die
2538 3779 2721 3821 Einführung

1877 3811 1924 3843 der
1945 3812 2111 3849 Initiative.
2159 3815 2229 3855 Hier
2263 3817 2295 3857 ist
2318 3819 2359 3851 die
2383 3820 2522 3861 Differenz
2557 3824 2618 3863 sehr
2639 3825 2718 3865 groß.

1941 3856 2086 3896 Während
2098 3860 2145 3891 der
2157 3860 2361 3903 Nationalrath
2385 3865 2470 3901 seiner
2481 3866 2546 3904 Zeit
2562 3867 2718 3909 beschloffen

1875 3899 1961 3938 hatte,
1999 3901 2056 3940 daß
2092 3904 2146 3935 das
2175 3904 2249 3938 Volk
2284 3908 2343 3939 eine
2364 3909 2532 3951 Aenderung
2572 3914 2619 3945 der
2642 3914 2713 3946 Ver¬

1875 3944 1984 3985 fassung
2019 3955 2075 3978 nur
2097 3948 2127 3979 in
2161 3949 2235 3982 einer
2257 3950 2408 3992 Anregung
2452 3955 2601 3996 verlangen
2625 3958 2717 3994 könne,

2787 1112 2880 1149 welche
2903 1114 2977 1147 dann
3001 1116 3043 1148 die
3067 1115 3393 1161 Bundesversammlung
3421 1120 3451 1155 in
3474 1121 3626 1160 bestimmte

2787 1156 2891 1189 Artikel
2914 1168 2947 1199 zu
2969 1159 3054 1201 faffen
3079 1161 3163 1201 hätte,
3187 1163 3314 1202 entschied
3344 1165 3392 1205 sich
3417 1166 3458 1199 die
3480 1167 3625 1208 Mehrheit

2787 1203 2833 1234 de»
2858 1202 3051 1244 Ständeraths
3088 1207 3184 1245 dahin,
3209 1209 3263 1248 daß
3288 1210 3339 1242 das
3362 1210 3435 1244 Volk
3466 1212 3520 1246 das
3542 1213 3625 1253 Recht

2787 1246 2912 1285 erhalten
2936 1248 3009 1285 solle,
3033 1250 3196 1292 selbständig
3220 1258 3275 1285 von
3297 1253 3346 1293 sich
3377 1258 3434 1289 aus
3455 1265 3545 1296 genau
3567 1258 3626 1297 for-

2787 1291 2901 1324 mulirte
2925 1293 3028 1326 Artikel
3058 1304 3106 1335 zur
3129 1296 3291 1337 Aufnahme
3326 1298 3355 1331 in
3381 1299 3424 1332 die
3447 1301 3625 1335 Bundesver-

2786 1335 2896 1377 faffung
2929 1339 3100 1379 vorzulegen,
3125 1340 3194 1380 ohne
3229 1343 3284 1382 daß
3314 1343 3356 1375 die
3378 1344 3470 1384 Räthe
3506 1346 3546 1378 die
3570 1347 3627 1380 Be-

2785 1379 2886 1420 fugniß
2910 1381 3004 1420 hätten
3028 1385 3114 1416 etwas
3132 1386 3221 1418 daran
3245 1387 3349 1420 ändern
3365 1398 3397 1427 zu
3422 1390 3528 1429 dürfen.
3564 1392 3624 1425 Der

2785 1423 2962 1465 Ständerath
2997 1428 3097 1468 möchte
3120 1429 3176 1468 also
3212 1431 3341 1472 diejenige
3363 1433 3452 1471 Form
3483 1435 3530 1467 der
3551 1435 3622 1473 Ini¬

2784 1469 2882 1501 tiative
2906 1470 3063 1511 einführen,
3096 1473 3147 1505 wie
3174 1475 3228 1507 wir
3251 1477 3285 1516 sie
3319 1477 3358 1510 im
3381 1477 3497 1511 Kanton
3520 1481 3623 1521 Zürich

2783 1513 2832 1552 für
2857 1513 3160 1557 Gesehgebungssachen
3181 1519 3283 1558 haben.

2851 1559 2919 1592 Nun
2942 1559 2991 1599 hat
3014 1561 3063 1600 sich
3086 1562 3151 1595 aber
3178 1564 3220 1596 bei
3244 1569 3300 1598 uns
3323 1566 3434 1607 gezeigt,
3468 1568 3523 1608 daß
3556 1570 3624 1609 diese

2782 1601 2872 1641 Form
2908 1604 3046 1644 durchaus
3081 1608 3248 1649 unpraktisch
3271 1610 3313 1646 ist.
3358 1611 3426 1644 Wir
3448 1614 3569 1652 möchten
3594 1619 3625 1647 e»

2783 1647 2944 1687 prinzipiell
2973 1650 3045 1689 nicht
3079 1651 3245 1691 bekämpfen,
3279 1655 3333 1694 daß
3367 1657 3427 1689 dem
3461 1658 3547 1691 Volke
3571 1659 3625 1692 das

2783 1691 2866 1729 Recht
2901 1693 3017 1733 gegeben
3052 1697 3149 1732 werde,
3185 1698 3384 1739 fertiggestellte
3422 1702 3624 1744 Verfassungs¬

2782 1736 2963 1778 änderungen
2986 1748 3036 1778 zur
3052 1739 3248 1783 Abstimmung
3272 1752 3304 1783 zu
3320 1743 3455 1786 bringen;
3479 1746 3565 1780 allein
3579 1750 3621 1782 die

2782 1780 2935 1814 Redaktion
2963 1782 3061 1819 solcher
3083 1785 3283 1828 Aenderungen
3312 1787 3393 1829 bezw.
3418 1790 3621 1834 Ergänzungen

2782 1827 2893 1861 unserer
2919 1827 3087 1869 Verfassung
3110 1830 3160 1868 soll
3183 1831 3255 1870 nicht
3278 1833 3337 1865 dem
3364 1834 3463 1874 Zufall
3494 1838 3606 1877 anheim
3614 1854 3621 1864 -

2780 1871 2908 1907 gegeben,
2951 1872 3022 1909 nicht
3060 1873 3090 1906 in
3127 1874 3174 1907 der
3207 1876 3383 1916 Hinterstube
3419 1880 3513 1920 irgend
3546 1883 3623 1915 eines

2781 1914 2999 1954 Wirthshanses
3022 1923 3236 1958 vorgenommen
3248 1922 3364 1958 werden,
3388 1923 3502 1960 sondern
3523 1927 3556 1966 sie
3569 1927 3620 1964 soll

2781 1958 2826 1991 ein
2859 1960 2942 1993 Werk
2963 1960 3141 2002 eingehender
3162 1965 3331 2007 Prüfungen
3362 1969 3420 2000 und
3442 1969 3622 2010 sachverstän¬

2781 2003 2859 2044 diger
2882 2004 3011 2038 Männer
3034 2007 3097 2043 sein.
3145 2009 3208 2041 Und
3238 2011 3280 2043 die
3303 2011 3468 2053 Bürgschaft
3492 2015 3538 2051 für
3562 2016 3620 2049 eine

2780 2047 2942 2089 sorgfältige
2963 2049 3116 2085 Redaktion
3140 2053 3231 2093 erhält
3253 2064 3321 2088 man
3354 2066 3420 2094 nur,
3450 2066 3530 2092 wenn
3553 2070 3621 2093 man

2781 2094 2832 2125 den
2856 2092 2927 2134 Weg
2951 2093 3056 2131 betritt,
3080 2097 3130 2128 den
3154 2099 3233 2136 unser
3261 2099 3385 2141 früherer
3409 2101 3522 2145 Kollege
3545 2105 3618 2145 Herr

2780 2136 2856 2177 Frey
2878 2137 2970 2179 jüngst
2993 2140 3025 2171 in
3048 2141 3170 2180 unserem
3193 2143 3292 2176 Blatte
3315 2147 3455 2188 angezeigt
3478 2148 3535 2188 hat.

2850 2182 2926 2220 Zum
2949 2183 3076 2224 Schluffe
3098 2190 3212 2226 geziemt
3245 2193 3274 2221 es
3309 2190 3356 2230 sich
3378 2193 3444 2231 noch
3466 2195 3518 2232 auf
3541 2194 3620 2228 einen

2780 2226 2920 2267 Vorgang
2942 2227 3135 2268 hinzuweisen,
3157 2232 3204 2263 der
3238 2234 3391 2274 außerhalb
3426 2238 3474 2269 des
3508 2239 3619 2277 Raths-

2780 2270 2870 2305 saales
2894 2272 3028 2309 stattfand
3067 2276 3123 2306 und
3160 2277 3213 2308 mit
3252 2279 3298 2310 der
3320 2279 3383 2318 Zeit
3418 2287 3471 2313 von
3507 2284 3619 2323 großem

2779 2314 2900 2356 Einfluß
2922 2317 2973 2356 auf
2996 2318 3039 2349 die
3051 2318 3329 2364 Parteigruppirung
3352 2325 3390 2356 im
3403 2326 3622 2369 Nationalrathe

2780 2362 2887 2391 werden
2926 2361 3032 2394 könnte.
3093 2363 3148 2397 Die
3182 2366 3273 2406 letzten
3311 2368 3621 2412 Erneuerungswahlen

2779 2403 2869 2442 haben
2892 2406 2939 2437 der
2961 2407 3107 2447 äußersten
3130 2409 3227 2442 Linken
3250 2412 3328 2444 einen
3357 2415 3521 2455 namhaften
3557 2418 3622 2456 Zu-

2779 2449 2872 2488 wachs
2893 2450 3030 2490 gebracht,
3070 2453 3095 2489 so
3135 2454 3189 2494 daß
3223 2455 3253 2488 in
3277 2457 3356 2490 deren
3380 2459 3509 2499 Führern
3543 2462 3619 2502 wohl

2779 2493 2826 2525 der
2859 2492 2985 2527 Gedanke
3019 2497 3154 2536 entstehen
3189 2500 3299 2538 mochte,
3334 2503 3385 2535 den
3419 2505 3620 2546 demokratisch-

2778 2537 2983 2579 sozialistischen
3006 2540 3165 2574 Elementen
3201 2544 3258 2576 eine
3293 2546 3380 2587 eigene
3417 2549 3620 2590 Organisation

2777 2591 2812 2621 zu
2835 2582 2928 2622 geben.
2963 2584 3005 2617 Es
3018 2585 3052 2623 ist
3063 2587 3093 2619 in
3116 2587 3167 2621 den
3178 2589 3270 2629 letzten
3280 2590 3393 2631 Jahren
3403 2594 3512 2632 manche
3526 2596 3620 2637 Frage

2778 2626 2818 2659 im
2831 2627 3079 2669 Rathebehandelt
3094 2633 3217 2669 worden,
3230 2635 3324 2673 welche
3340 2646 3372 2676 zu
3378 2637 3451 2670 einer
3464 2639 3619 2681 Trennung

2776 2670 2860 2710 dieser
2882 2672 3026 2707 Elemente
3033 2680 3088 2708 von
3096 2677 3144 2708 der
3151 2677 3334 2719 Hauptmaste
3342 2683 3388 2713 der
3397 2682 3497 2722 Partei
3514 2684 3615 2724 führte.

2776 2715 2844 2749 Da»
2877 2724 2938 2749 war
2971 2721 3137 2759 namentlich
3161 2723 3204 2754 bei
3238 2724 3312 2757 allen
3346 2726 3425 2765 jenen
3447 2728 3618 2769 Angelegen¬

2776 2760 2867 2799 heiten
2889 2763 2936 2794 der
2959 2763 3038 2801 Fall,
3072 2766 3167 2805 welche
3190 2767 3233 2799 die
3263 2769 3480 2804 internationale
3502 2774 3617 2813 Sozial'

2776 2805 2938 2838 demokratie
2961 2806 3102 2849 bettafen;
3129 2814 3157 2843 es
3180 2812 3264 2852 zeigte
3286 2813 3335 2854 sich
3357 2815 3420 2855 dieß
3432 2817 3498 2855 auch
3520 2819 3620 2852 wieder

2774 2848 2849 2881 beim
2870 2851 3190 2896 Auslieferungsgesetze,
3226 2865 3310 2898 gegen
3343 2860 3396 2892 das
3430 2861 3479 2901 sich
3513 2863 3556 2895 die
3578 2863 3619 2901 so-

2774 2893 2949 2934 zialistischen
2972 2896 3138 2937 Mitglieder
3163 2908 3257 2941 wegen
3280 2902 3364 2944 besten
3389 2904 3538 2939 bekannten
3561 2908 3616 2941 Ar-

2773 2938 2837 2971 tikel
2861 2940 2901 2970 10
2926 2942 3058 2982 energisch
3078 2943 3210 2983 wehrten.

2841 2983 2902 3016 Der
2925 2985 2988 3025 erste
3012 2987 3123 3027 Anlauf
3145 2997 3194 3029 zur
3210 2990 3339 3033 Bildung
3361 2994 3436 3027 einer
3452 2995 3614 3032 besonderen

2774 3026 2904 3066 Gruppe,
2934 3031 3032 3070 welche
3054 3032 3102 3071 sich
3126 3033 3245 3074 indesten
3277 3042 3333 3070 von
3354 3039 3401 3070 der
3424 3040 3520 3073 Linken
3544 3041 3618 3082 nicht

2773 3073 2898 3112 gänzlich
2921 3074 3084 3112 abtrennen,
3120 3078 3234 3115 sondern
3269 3081 3330 3120 eher
3360 3083 3437 3116 einen
3459 3084 3551 3118 Staat
3575 3086 3615 3118 im

2773 3115 2883 3149 Staate
2904 3118 2999 3152 bilden
3032 3121 3135 3157 wollte,
3170 3124 3299 3165 mißlang
3333 3127 3429 3167 jedoch.
3474 3129 3614 3169 Offenbar

2772 3160 2851 3199 hatte
2875 3171 2942 3194 man
2966 3164 3019 3196 das
3044 3164 3159 3206 Gefühl,
3195 3168 3250 3207 daß
3284 3170 3325 3203 die
3348 3171 3464 3210 Gruppe
3489 3174 3538 3214 sich
3561 3176 3616 3208 mit

2771 3205 2820 3237 der
2841 3206 2907 3244 Zeit
2928 3213 2984 3240 von
3007 3210 3054 3241 der
3064 3211 3257 3250 Hauptpartei
3279 3214 3341 3252 doch
3360 3216 3527 3259 vollständig
3554 3220 3616 3253 los¬

2771 3251 2889 3283 trennen
2912 3254 3020 3289 würde,
3045 3255 3096 3287 wie
3119 3256 3171 3288 das
3195 3257 3238 3290 die
3272 3259 3464 3301 „Ostschweiz"
3502 3264 3533 3296 in
3556 3264 3617 3297 denr

2771 3294 2857 3327 Bilde
2879 3301 2935 3328 von
2957 3297 3005 3329 der
3026 3298 3131 3340 jungen
3142 3299 3288 3340 Schwalbe
3312 3305 3478 3346 prophezeit,
3501 3308 3544 3340 die
3570 3318 3617 3348 zu-

2772 3340 2824 3378 erst
2846 3339 2906 3378 ihre
2927 3340 3097 3384 Schwingen
3121 3345 3239 3383 probitt,
3262 3348 3337 3386 jeden
3358 3349 3456 3383 Abend
3496 3361 3528 3392 zu
3566 3354 3616 3386 den

2770 3383 2872 3416 Eltern
2894 3387 3068 3426 zurückkehtt,
3103 3389 3250 3430 schließlich
3272 3392 3337 3425 aber
3363 3403 3434 3435 ganz
3469 3397 3614 3431 ausbleibt

2771 3429 2830 3460 und
2851 3428 2898 3468 ihr
2920 3430 3028 3470 eigene»
3050 3432 3114 3471 Nest
3136 3432 3213 3466 baut.

2836 3474 2902 3506 Und
2922 3475 2953 3506 in
2976 3477 3023 3508 der
3045 3476 3130 3516 That,
3152 3479 3195 3511 die
3217 3478 3374 3524 Gegensätze
3403 3485 3529 3525 zwischen
3553 3488 3613 3521 dem

2770 3517 2873 3556 rechten
2887 3519 2989 3559 Flügel
3001 3521 3048 3552 der
3058 3522 3155 3561 Partei
3164 3524 3222 3555 und
3231 3524 3278 3557 der
3289 3528 3434 3567 äußersten
3446 3530 3611 3572 Linkenfind

2769 3561 2798 3599 so
2821 3562 2900 3602 groß,
2937 3564 2994 3603 daß
3031 3565 3087 3598 eine
3123 3568 3305 3610 vollständige
3340 3573 3528 3617 Abtrennung
3567 3579 3614 3610 der

2769 3606 2874 3647 letzter»
2898 3617 2953 3640 nur
2976 3609 3034 3641 eine
3056 3610 3146 3651 Frage
3170 3613 3217 3644 der
3240 3614 3306 3653 Zeit
3327 3616 3384 3655 sein
3406 3619 3487 3652 wird.
3533 3621 3613 3654 Man

2768 3650 2854 3689 scheut
2876 3652 2925 3691 sich
2947 3652 3013 3685 aber
3036 3653 3126 3692 hüben
3158 3658 3218 3689 und
3247 3659 3353 3693 drüben
3388 3663 3454 3702 noch
3477 3670 3527 3697 vor
3551 3667 3611 3699 dem

2768 3695 2852 3733 ersten
2875 3695 3018 3737 Schritte;
3043 3699 3141 3731 darum
3165 3701 3217 3740 hat
3241 3713 3309 3736 man
3331 3706 3381 3745 sich
3406 3707 3536 3750 begnügt,
3565 3711 3612 3743 der

2766 3738 2865 3778 Partei
2888 3741 3064 3781 intensiveres
3076 3744 3219 3785 Eingehen
3242 3749 3294 3787 auf
3308 3750 3349 3782 die
3365 3751 3485 3792 sozialen
3497 3755 3609 3795 Fragen

2765 3791 2799 3821 zu
2824 3784 2984 3824 empfehlen.
3032 3787 3180 3828 Natürlich
3203 3790 3267 3830 hebt
3290 3793 3372 3834 dieser
3398 3796 3476 3837 Rath
3500 3799 3541 3831 die
3565 3799 3609 3832 be-

2765 3827 2904 3866 stehenden
2927 3828 3084 3873 Gegensätze
3107 3833 3180 3872 nicht
3203 3837 3262 3876 auf.

369 4057 535 4108 ffailfto«
566 4057 667 4103 1890
668 4090 676 4101 .

149 4166 345 4199 GrftnMMit
362 4165 416 4193 der
435 4164 661 4198 ,,»es«lls»«ft
680 4165 737 4199 für
755 4167 896 4201 deutsche

209 4204 427 4240 •riUftttts«*’
451 4206 519 4233 und
538 4205 834 4240 «ch»,«.schichte."

174 4268 224 4297 Tie
251 4267 445 4299 .Aonumeuta
463 4266 629 4296 Germaoiae
649 4267 871 4305 Paedagogica“.

453 4328 610 4364 Berlin,
630 4331 678 4359 den
697 4331 739 4359 15.
757 4330 905 4367 Dezember.

159 4382 208 4416 Im
228 4383 434 4418 gegenwärtigen
453 4381 609 4419 Augenblick,
640 4391 681 4413 wo
705 4385 745 4413 die
767 4384 870 4421 Fragen
899 4389 941 4416 der

96 4421 251 4456 Erziehung
269 4424 320 4452 und
339 4425 385 4452 des
403 4421 561 4457 Unterrichts
584 4424 634 4452 das
653 4422 793 4460 öffentliche
812 4425 940 4461 Jntcresie

100 4463 131 4490 in
164 4461 330 4496 Deutschland
368 4463 402 4492 im
433 4462 542 4498 höchsten
572 4461 661 4493 Grade
695 4464 849 4500 beherrsche»
888 4469 939 4496 und

96 4500 270 4533 Teurschiand
280 4503 402 4535 vielleicht
420 4511 469 4532 vor
481 4503 565 4532 einem
578 4501 767 4535 Wendevunkte
786 4505 872 4537 seines
891 4515 940 4536 na¬

99 4542 219 4572 tionale»
234 4541 492 4578 Erziehungswesens
507 4543 574 4578 steht,
588 4542 616 4576 ist
636 4544 693 4573 eine
707 4544 807 4580 Anzahl
820 4554 873 4576 von
886 4546 938 4578 Ge¬

99 4581 198 4616 lehrten
217 4583 265 4611 mit
282 4584 327 4611 der
345 4582 560 4618 Verwirklichung
588 4585 662 4613 eines
681 4583 783 4617 Planes
803 4586 938 4623 hervorgc-

102 4624 188 4654 treicn,
208 4625 250 4651 der
268 4623 308 4652 die
327 4621 387 4656 erste
404 4621 547 4659 Anregung
567 4624 593 4658 in
621 4624 748 4658 Zürich
773 4626 869 4661 erfuhr,
897 4636 936 4663 ge¬

102 4660 230 4695 legentlich
249 4664 293 4691 der
311 4662 427 4697 dortigen
446 4663 573 4698 deutschen
587 4663 938 4703 Philologenversammlung

99 4701 136 4728 im
156 4701 240 4736 Jahre
261 4700 339 4736 1887,
366 4702 416 4731 und
435 4702 522 4737 welche
542 4703 660 4739 bezweckt,
688 4707 737 4733 das
763 4704 936 4743 Erziehungs¬

97 4740 179 4774 wesen
200 4743 228 4770 in
247 4744 296 4772 den
313 4740 432 4772 Ländern
450 4743 572 4777 deutscher
586 4743 679 4781 Zunge
699 4746 727 4774 in
745 4745 813 4775 allen
832 4746 936 4782 Phasen

94 4780 176 4814 seiner
196 4779 378 4817 Entwicklung,
396 4781 435 4811 die
453 4782 597 4816 politischen
618 4787 670 4814 und
689 4786 824 4821 religiösen
836 4786 935 4817 Wand¬

99 4820 194 4856 lungen
207 4844 214 4855 ,
243 4821 331 4854 welche
352 4821 485 4856 innerhalb
514 4823 674 4857 wechselnder
702 4827 849 4861 politischer,
877 4829 936 4857 reli¬

99 4860 179 4893 giöser
198 4864 251 4890 und
269 4861 375 4896 sozialer
394 4860 521 4895 Zustände
539 4864 579 4892 die
596 4864 718 4902 Bildung
743 4868 789 4897 des
808 4868 935 4902 deutsche»

94 4898 189 4930 Volles
209 4900 327 4935 erfahren
347 4900 398 4935 hat,
416 4908 446 4935 zu
463 4901 651 4938 durchforschen,
670 4906 827 4941 geschichtlich
846 4916 875 4943 zu
897 4917 933 4937 er¬

93 4939 197 4970 läutern
216 4943 268 4970 und
287 4940 313 4973 so
334 4942 393 4975 „der
410 4938 569 4975 Gegenwart
588 4948 642 4973 aus
660 4949 704 4975 der
723 4946 934 4984 Vergangenheit

91 4980 133 5008 die
153 4979 267 5015 Zukunft
286 4988 314 5014 zu
334 4980 466 5014 erhellen."

148 5019 209 5053 Daß
229 5021 285 5050 eine
305 5019 416 5054 einzelne
426 5019 500 5052 Kraft
519 5029 563 5055 zur
577 5021 763 5062 Bewältigung
782 5028 854 5058 einer
872 5029 933 5064 solch

84 5061 246 5095 gewaltigen
259 5059 378 5095 Aufgabe
391 5059 454 5091 nicht
466 5062 645 5095 aus,»reichen
664 5072 779 5102 vermag,
800 5068 827 5101 ist
849 5068 932 5104 selbst¬

86 5098 264 5133 verständlich.
313 5098 388 5129 Biele
419 5099 562 5135 freiwillige
592 5101 714 5133 Arbeiter
749 5108 845 5140 müffen
884 5112 932 5138 das

86 5138 220 5168 Material
233 5147 262 5175 zu
274 5141 331 5168 dem
346 5138 509 5174 großartigen
522 5139 740 5175 auszurichtenden
755 5145 818 5175 Bau
833 5148 931 5181 herdei-

85 5177 205 5212 schaffcn.
252 5178 364 5212 Welcher
391 5177 440 5208 Art
466 5179 547 5213 dieses
575 5179 703 5211 Material
733 5184 783 5217 sein
812 5186 866 5222 soll,
894 5198 931 5218 er¬

84 5219 185 5246 läutert
205 5222 248 5248 der
266 5219 283 5254 ß
300 5218 318 5247 2
336 5221 378 5248 der
397 5217 552 5254 Satzungen,
571 5221 673 5253 welcher
691 5231 723 5256 zu
740 5224 844 5259 befferm
865 5227 930 5257 Ver-

84 5257 208 5292 ständniß
227 5256 268 5288 für
287 5260 335 5286 da?
354 5258 545 5292 Unternehmen
573 5258 628 5294 hier
651 5263 762 5297 wörtlich
791 5266 930 5301 angeführt

82 5297 143 5330 sein
161 5298 252 5331 möge:

1043 4027 1110 4061 „Die
1139 4027 1293 4065 Erreichung
1321 4033 1365 4059 des
1394 4032 1505 4066 Zweckes
1525 4036 1568 4064 der
1592 4035 1770 4070 „Gesellschaft
1788 4038 1830 4073 für

989 4065 1098 4101 deutsche
1124 4067 1297 4104 Erziehung«-
1324 4073 1375 4099 und
1403 4072 1628 4108 Schulgeschichte"
1658 4077 1722 4105 wird
1750 4085 1829 4112 angc-

990 4107 1062 4142 strcbt
1081 4109 1152 4140 durch
1172 4108 1210 4137 die
1230 4108 1392 4146 Sammlung
1411 4119 1480 4141 von:

1043 4149 1069 4182 a)
1088 4147 1319 4184 Schulordnungen
1339 4149 1405 4184 (von
1424 4150 1550 4186 Staaten,
1567 4153 1684 4188 Kirchen,
1701 4154 1827 4185 Gemein¬

989 4190 1045 4222 den,
1064 4187 1186 4224 sonstigen
1204 4187 1439 4223 Genostenschaften
1459 4193 1518 4220 oder
1537 4192 1667 4226 einzelnen
1681 4193 1827 4230 Personen)

989 4228 1057 4262 nebst
1094 4231 1141 4258 den
1177 4229 1293 4258 internen
1325 4228 1517 4265 Schulgesetzen,
1547 4230 1826 4270 Bestallungsbriefen,

988 4268 1102 4302 Breven,
1121 4269 1224 4302 Bullen.
1235 4269 1424 4303 Kapitularien,
1436 4270 1635 4305 Eidesformeln,
1656 4273 1825 4307 bischöflichen

988 4307 1398 4344 Niederlaffungsbestätigungen,
1412 4309 1724 4346 Ordenskonstitutionen,
1738 4313 1824 4343 Stun¬

987 4350 1141 4383 denplänen,
1160 4348 1292 4382 Synodal-
1312 4352 1363 4378 und
1377 4348 1621 4385 Bcsoldungsakten,
1641 4350 1823 4388 Rechnungen,

987 4388 1161 4425 Quittungen,
1182 4388 1488 4422 Visitationsprotokollen
1509 4398 1535 4418 iu
1553 4389 1570 4424 s.
1590 4398 1640 4425 w.;

1039 4429 1067 4458 b)
1087 4429 1370 4462 Schulbüchern;

1039 4473 1062 4500 e)
1082 4468 1382 4506 Pädagogischen
1412 4468 1720 4506 Miscellaneen,
1756 4472 1822 4502 Bio¬

985 4509 1111 4545 graphien
1130 4511 1181 4538 und
1200 4508 1377 4545 Tagebüchern
1395 4518 1447 4538 von
1464 4509 1695 4546 hervorragendem
1708 4514 1822 4548 pädago¬

985 4549 1087 4585 gischem
1124 4549 1238 4585 Werthe,
1276 4550 1403 4582 bildlichen
1432 4549 1639 4586 Darstellungen,
1671 4551 1821 4588 Matrikeln,

984 4589 1195 4622 Cchulkomödien
1215 4593 1267 4619 und
1286 4589 1556 4625 Schulaussührungen
1571 4591 1638 4623 jeder
1651 4591 1710 4626 Art,
1729 4591 1821 4625 Schul-

983 4631 1067 4662 rcden,
1098 4630 1295 4665 pädagogischen
1327 4629 1467 4662 Gutachten
1487 4632 1537 4659 und
1569 4631 1649 4661 Akten
1679 4632 1742 4662 über
1772 4632 1821 4662 Er¬

982 4669 1092 4705 ziehung
1120 4672 1172 4698 und
1192 4669 1343 4704 Unterricht,
1363 4670 1453 4702 endlich
1482 4669 1650 4705 Tifchzuchien
1678 4674 1730 4701 und
1758 4673 1821 4707 ähn¬

983 4709 1076 4742 lichem.
1113 4708 1222 4745 Hierher
1241 4710 1350 4745 gehören
1371 4711 1427 4742 auch
1448 4710 1557 4745 einzelne
1577 4711 1696 4747 Notizen,
1715 4713 1757 4743 die
1777 4713 1820 4747 sich

983 4748 1028 4782 auf
1046 4749 1139 4782 äußere
1159 4751 1210 4778 und
1231 4751 1318 4780 innere
1338 4750 1507 4785 Verhältniffe
1535 4753 1578 4779 der
1603 4751 1750 4789 Erziehung
1768 4756 1820 4783 und

981 4792 1027 4819 ves
1063 4789 1223 4823 Unterrichts
1262 4790 1384 4825 beziehen,
1417 4793 1467 4818 und
1504 4791 1544 4819 die
1582 4792 1609 4819 in
1648 4791 1764 4828 Briefen,
1792 4795 1821 4824 in

981 4828 1134 4864 Chroniken,
1163 4830 1190 4858 in
1219 4830 1355 4862 Epicedien
1384 4832 1434 4859 und
1462 4829 1665 4866 Epiihalamien,
1693 4832 1738 4867 aus
1766 4834 1821 4869 In¬

980 4869 1095 4903 schriften
1114 4870 1141 4899 in
1159 4869 1281 4906 Legaten,
1301 4871 1329 4899 in
1356 4870 1567 4905 Seelenbüchern,
1587 4873 1614 4899 in
1629 4872 1773 4909 Urkunden,
1792 4875 1821 4904 in

981 4909 1169 4944 Zinsbücher»,
1197 4911 1225 4940 in
1244 4910 1351 4940 Werken
1375 4910 1556 4945 verschiedener
1576 4911 1623 4940 Art
1644 4921 1668 4942 u.
1688 4913 1704 4946 s.
1724 4922 1757 4944 w.
1778 4914 1821 4949 sich

979 4949 1123 4983 befinden."

1033 4989 1299 5023 Zusammenberufen
1326 4998 1382 5020 war
1400 4992 1439 5020 die
1461 4990 1651 5026 konstituirende
1671 4993 1820 5027 Versamm¬

979 5030 1042 5065 lung
1053 5032 1098 5059 der
1111 5029 1287 5064 „Gesellschaft
1300 5030 1342 5062 für
1356 5031 1464 5065 deutsche
1476 5031 1649 5067 Erziehungs-
1663 5036 1716 5062 und
1727 5034 1821 5066 Schul-

978 5069 1122 5105 geschichtc"
1149 5068 1193 5102 aus
1214 5070 1364 5106 Einladung
1384 5074 1428 5100 de«
1448 5072 1610 5106 Ausschußes
1630 5075 1673 5102 der
1691 5074 1734 5103 37.
1754 5075 1820 5105 Ver-

976 5110 1124 5146 sammlung
1150 5112 1193 5139 der
1221 5110 1347 5144 deutschen
1376 5110 1531 5149 Philologen
1559 5115 1615 5147 (der
1644 5113 1745 5148 Herren
1770 5115 1820 5144 Dr.

976 5150 1222 5185 Kehrbach-Bcrlin,
1241 5150 1315 5184 Prof.
1334 5151 1383 5181 Dr.
1398 5152 1576 5189 Kluge-Jena.
1596 5152 1668 5186 Pro,.
1683 5153 1732 5184 Dr.
1747 5154 1819 5189 Reif-

977 5189 1274 5224 ferscheid-Greifswald,
1311 5190 1384 5225 Prof.
1412 5193 1461 5222 Dr.
1492 5193 1735 5231 Uhlig-Heidelberg
1767 5198 1818 5226 und

975 5228 1049 5262 Pros.
1069 5229 1119 5259 Dr.
1138 5230 1345 5266 Wirz-Zürich);
1374 5236 1403 5261 es
1433 5233 1501 5267 hatte
1530 5233 1571 5266 sich
1592 5235 1648 5263 eine
1667 5242 1743 5269 große
1762 5236 1818 5264 An¬

974 5268 1030 5302 zahl
1050 5277 1102 5297 von
1123 5270 1346 5305 hervorragenden
1366 5271 1573 5305 Schulmännern
1599 5275 1650 5303 und
1669 5274 1817 5311 Gelehrten,

974 5311 1098 5337 darunter
1117 5310 1176 5343 auch
1204 5311 1290 5345 einige
1308 5310 1458 5347 Mitglieder
1486 5317 1528 5342 der
1557 5315 1733 5351 gegenwärtig
1762 5315 1818 5351 hier

1876 4042 2001 4075 tagenden
2032 4041 2173 4078 Konferenz
2203 4053 2248 4079 zur
2279 4045 2454 4080 Schulreform
2485 4051 2655 4087 eingefundcn
2684 4068 2717 4074 —

1875 4080 1988 4114 mehrere
2007 4081 2169 4114 Anwesende
2200 4085 2288 4118 hatten
2316 4086 2389 4122 sogar
2408 4089 2464 4119 eine
2476 4091 2551 4120 weite
2565 4091 2639 4126 Reise
2652 4094 2717 4128 nicht

1874 4118 1991 4153 gescheut,
2010 4129 2056 4149 um
2075 4123 2114 4151 die
2133 4121 2292 4158 Gesellschaft
2313 4127 2458 4162 begründen
2484 4138 2515 4164 zu
2544 4130 2644 4166 helfen;
2672 4133 2716 4164 auf

1873 4159 2092 4194 telegraphischem
2111 4161 2191 4198 Wege
2211 4163 2264 4195 traf
2289 4166 2346 4194 eine
2371 4167 2470 4201 Anzahl
2497 4177 2550 4199 vou
2577 4171 2716 4203 Beitritt«,

1873 4198 2039 4234 erklärungen
2059 4200 2108 4229 ein.
2146 4201 2220 4235 Prof.
2240 4203 2289 4233 Dr.
2309 4204 2539 4240 Wätzoldt-Berlin
2565 4210 2649 4241 leitete
2675 4213 2714 4243 die

1872 4236 2073 4273 Versammlung
2103 4241 2151 4269 niit
2181 4242 2273 4277 großer
2302 4244 2427 4279 Umsicht;
2456 4248 2496 4277 die
2527 4249 2641 4284 Klippen
2671 4254 2715 4282 der

1871 4276 2019 4312 Satzungen
2038 4281 2143 4308 wurden
2168 4280 2194 4313 so
2212 4282 2321 4316 glücklich
2350 4285 2483 4321 umschifft,
2512 4290 2561 4323 daß
2589 4291 2714 4324 dieselben

1871 4317 1929 4348 nach
1956 4318 2037 4352 kurzer
2062 4317 2175 4349 Debatte
2199 4321 2261 4350 über
2279 4324 2294 4356 8
2314 4323 2331 4351 9
2348 4324 2565 4364 (Jahresbeitrag
2585 4331 2628 4359 der
2646 4330 2714 4362 Mit¬

1869 4356 1963 4390 glieder
1991 4357 2019 4386 in
2047 4359 2089 4387 der
2117 4359 2191 4394 Höhe
2216 4369 2269 4391 von
2287 4362 2306 4390 5
2324 4362 2413 4398 Mark)
2438 4374 2472 4394 en
2492 4368 2554 4396 bloc
2574 4369 2713 4407 Annahme

1869 4395 1971 4429 fanden,
1990 4397 2120 4433 vorläufig
2139 4399 2219 4432 jedoch
2240 4408 2289 4430 nur
2309 4401 2353 4435 auf
2373 4405 2415 4432 ein
2434 4404 2589 4442 Probejahr.

1920 4436 1979 4471 Zur
1997 4438 2160 4472 eigentlichen
2179 4439 2327 4477 Eröffnung
2345 4444 2387 4472 der
2398 4444 2603 4485 Versammlung
2624 4452 2714 4488 ergriff

1869 4476 1904 4504 im
1932 4475 2059 4512 Aufträge
2086 4479 2132 4507 des
2161 4478 2282 4510 Berliner
2310 4482 2543 4521 Lokalausschuffes
2568 4491 2617 4519 das
2637 4492 2714 4523 Wort

1866 4515 1996 4550 Prosesior
2026 4516 2075 4547 Dr.
2107 4517 2402 4558 Reifferscheid,
2433 4533 2451 4561 z.
2481 4527 2515 4561 Z.
2545 4528 2639 4560 Rektor
2670 4534 2714 4563 der

1867 4555 2024 4589 Universität
2042 4565 2072 4592 zu
2089 4557 2263 4595 Greifswald,
2281 4564 2325 4591 der
2343 4562 2415 4597 schon
2427 4566 2472 4599 aus
2484 4569 2529 4597 der
2542 4568 2714 4607 Philologen¬

1866 4596 2059 4632 versammlung
2085 4606 2116 4633 zu
2144 4598 2168 4632 Z
2178 4602 2197 4629 ü
2206 4609 2220 4628 r
2230 4601 2239 4629 i
2250 4600 2272 4634 ch
2292 4603 2329 4631 im
2347 4602 2434 4639 Jahre
2453 4607 2523 4635 1887
2541 4611 2592 4639 den
2611 4611 2716 4650 Antrag

1866 4635 1911 4670 auf
1938 4636 2088 4674 Gründung
2115 4639 2185 4668 einer
2213 4640 2310 4675 solchen
2337 4642 2497 4680 Gesellschaft
2518 4649 2616 4685 gestellt
2635 4652 2714 4687 hatte.

1866 4676 1903 4705 Er
1922 4676 2072 4712 bezeichnete
2098 4679 2141 4708 als
2166 4681 2303 4711 nationale
2321 4682 2422 4719 Pflicht,
2450 4689 2511 4718 auch
2539 4690 2593 4724 jetzt
2621 4693 2716 4724 wieder

1865 4716 1940 4750 dafür
1960 4718 2124 4753 cinzutreten.
2162 4719 2232 4754 „Als
2262 4727 2321 4758 gute
2350 4724 2584 4765 Vorbedeutung",
2612 4732 2638 4766 so
2666 4742 2714 4764 un¬

1867 4756 1954 4792 gefähr
1982 4757 2064 4791 sprach
2092 4759 2136 4793 sich
2164 4759 2340 4796 Reifferscheid
2370 4764 2511 4803 Eingangs
2537 4770 2623 4803 seiner
2644 4773 2714 4804 Rede

1866 4800 1926 4832 aus,
1947 4798 2026 4833 „muß
2045 4798 2078 4832 ich
2098 4802 2127 4829 es
2147 4800 2267 4837 ansehen,
2290 4803 2340 4836 daß
2368 4806 2438 4835 mein
2466 4807 2583 4844 früherer
2612 4813 2714 4851 Antrag

1866 4837 1930 4872 nicht
1949 4840 1978 4867 in
1995 4840 2052 4867 dem
2071 4838 2193 4873 dumpfen
2212 4841 2443 4879 Sitzungszimmer
2456 4849 2500 4877 der
2514 4852 2715 4889 pädagogischen

1866 4877 1983 4912 Sektion,
2002 4879 2110 4911 sondern
2139 4881 2185 4915 auf
2202 4883 2251 4911 den
2269 4882 2382 4919 Fluthen
2411 4888 2456 4917 des
2487 4889 2713 4926 Zürichersees

1866 4917 1958 4953 gestellt
1977 4921 2030 4947 und
2049 4920 2172 4955 berathen
2191 4924 2287 4952 wurde.
2324 4924 2404 4956 Denn
2433 4927 2473 4957 bei
2503 4932 2545 4960 der
2577 4940 2607 4966 zu
2635 4936 2714 4969 grün¬

1865 4960 1962 4987 denden
1980 4957 2141 4994 Gesellschaft
2168 4960 2273 4997 handelt
2301 4968 2330 4994 es
2349 4966 2392 4999 sich
2412 4968 2477 5002 nicht
2497 4978 2541 4999 um
2561 4971 2713 5010 Förderung

1867 4999 1936 5028 einer
1955 4998 2151 5033 unfruchtbaren
2171 5002 2441 5044 Buchgclehrsamkeit,
2464 5009 2573 5043 sondern
2593 5020 2636 5042 um
2656 5015 2712 5044 eine

1864 5038 2087 5073 wistenschastliche
2115 5041 2292 5079 Behandlung
2319 5047 2364 5075 der
2389 5049 2521 5083 deutschen
2547 5050 2640 5085 Schul-
2660 5056 2712 5083 und

1865 5078 2163 5116 Erziehungsgeschichte,
2184 5083 2225 5112 die
2244 5086 2286 5113 der
2299 5084 2459 5122 Gegenwart
2473 5090 2566 5120 dienen
2585 5094 2648 5126 will,
2667 5101 2710 5122 um

1864 5118 1897 5150 sie
1914 5127 1945 5153 zu
1963 5119 2100 5154 bewahren
2119 5129 2167 5150 vor
2185 5122 2337 5158 Versuchen,
2356 5129 2432 5156 deren
2446 5128 2649 5165 Erfolglosigkeit
2667 5133 2685 5165 si
2693 5140 2710 5163 v

1864 5158 1934 5192 schon
1953 5159 1981 5187 in
2000 5158 2120 5194 früheren
2133 5162 2229 5195 Zeiten
2247 5165 2368 5197 erwiesen
2387 5167 2440 5200 hat.
2477 5168 2517 5197 Es
2537 5172 2630 5201 kommt
2652 5174 2709 5202 dar¬

1864 5196 1910 5232 auf
1937 5206 1980 5232 an.
2008 5207 2038 5234 zu
2066 5201 2198 5236 erkennen,
2226 5204 2275 5233 wie
2311 5205 2353 5234 der
2372 5206 2470 5240 frühere
2491 5208 2710 5244 Schulunterricht

1863 5236 1904 5271 sich
1924 5237 1984 5273 stets
2003 5239 2063 5273 nach
2082 5242 2130 5270 den
2149 5241 2289 5275 wirklichen
2309 5243 2489 5280 Bedürfnissen
2515 5249 2558 5277 der
2579 5250 2638 5283 Zeit
2667 5260 2709 5287 ge¬

1862 5276 1947 5312 richtet
1975 5280 2027 5307 und
2056 5280 2104 5308 mit
2133 5279 2211 5314 ihnen
2241 5281 2283 5316 sich
2309 5285 2428 5317 geändert
2457 5287 2509 5320 hat.
2547 5288 2710 5324 Nachweisen

1862 5316 1918 5352 läßt
1935 5316 1978 5351 sich
1995 5319 2054 5347 dies
2071 5317 2126 5354 sehr
2145 5320 2216 5354 leicht
2244 5328 2278 5350 an
2305 5324 2348 5352 der
2367 5323 2445 5359 Hand
2474 5329 2520 5357 des
2548 5330 2710 5366 griechischen

2762 4057 2815 4085 und
2834 4056 2995 4092 lateinischen
3015 4059 3282 4102 Sprachunterrichts,
3305 4071 3347 4100 der
3366 4072 3539 4110 ursprünglich
3559 4083 3612 4106 von

2761 4097 2818 4124 rein
2835 4098 2986 4132 praktischen
3005 4100 3234 4137 Gesichtspunkten
3253 4112 3304 4138 aus
3325 4112 3426 4146 geleitet
3445 4117 3549 4143 worden
3569 4115 3606 4150 ist.

2760 4134 2814 4164 Die
2833 4136 2984 4174 bisherigen
3004 4141 3220 4181 Bearbeitungen
3240 4149 3283 4177 der
3302 4149 3439 4185 Geschichte
3466 4155 3510 4183 des
3539 4156 3611 4185 deut-

2759 4173 2828 4207 schen
2855 4176 3130 4217 Erziehungswesens,
3165 4185 3192 4218 so
3220 4190 3398 4224 verdienstvoll
3425 4193 3456 4227 sie
3484 4195 3543 4228 auch
3574 4196 3609 4225 im

2759 4213 2902 4250 Einzelnen
2920 4218 2983 4254 sind,
3002 4224 3120 4258 genügen
3139 4225 3266 4258 durchaus
3286 4229 3351 4263 nicht
3379 4232 3426 4262 den
3456 4241 3490 4261 an
3519 4234 3551 4267 sie
3579 4243 3609 4270 zu

2758 4253 2895 4287 stellenden
2920 4258 3166 4297 wiffenschastlichen
3192 4265 3417 4306 Anforderungen,
3444 4275 3478 4302 da
3505 4274 3537 4306 sie
3566 4274 3609 4309 sich

2759 4295 2825 4329 nicht
2845 4299 2962 4332 gründen
2981 4301 3028 4334 auf
3052 4303 3093 4332 die
3121 4306 3189 4335 volle
3216 4306 3348 4343 Kcnntniß
3376 4313 3420 4341 des
3449 4313 3605 4348 gelammten

2758 4333 2916 4372 Materials,
2933 4340 3042 4375 welches
3059 4345 3104 4373 der
3121 4344 3245 4381 Einzelne
3262 4349 3305 4381 sich
3318 4351 3379 4384 auch
3392 4353 3456 4385 nicht
3469 4353 3607 4389 beschaffen

2759 4374 2833 4405 kann.
2880 4378 2938 4408 Nur
2967 4382 3025 4411 eine
3052 4383 3234 4423 Bereinigung
3261 4388 3357 4425 Vieler,
3387 4392 3424 4421 die
3450 4393 3604 4432 planmäßig

2760 4416 2821 4449 nach
2841 4418 2925 4448 einem
2944 4419 3021 4455 Ziele
3039 4422 3212 4460 hinarbeiten,
3235 4429 3300 4457 wird
3320 4434 3349 4459 es
3369 4433 3475 4468 möglich
3494 4435 3606 4470 machen,

2759 4455 2801 4485 die
2821 4455 2934 4488 Quellen
2952 4462 3024 4491 einer
3037 4463 3165 4498 wahrhaft
3178 4466 3418 4504 wiffenschastlichen
3431 4473 3608 4510 Erziehungs-

2759 4496 2889 4531 geschichte
2908 4499 3076 4538 bloszulegen
3094 4507 3145 4534 und
3164 4506 3266 4540 nutzbar
3282 4517 3313 4543 zu
3332 4510 3463 4545 gestalten.
3483 4512 3536 4542 Ein
3548 4522 3608 4545 vor¬

2760 4536 2895 4571 trefflicher
2922 4539 3031 4577 Anfang
3058 4543 3154 4577 hierfür
3182 4546 3210 4579 ist
3235 4549 3343 4583 gemacht
3364 4551 3392 4579 in
3412 4554 3461 4581 den
3481 4561 3535 4583 von
3555 4554 3605 4585 Dr.

2759 4575 2824 4606 Karl
2845 4578 2869 4607 K
2880 4587 2891 4608 c
2902 4579 2916 4614 h
2927 4588 2940 4608 r
2951 4580 2966 4610 b
2977 4589 2994 4610 a
3003 4583 3026 4614 ch
3044 4582 3166 4619 (Berlin)
3186 4586 3213 4614 in
3232 4587 3337 4618 seltener
3357 4590 3608 4631 Uneigennützigkeit

2759 4620 2935 4653 gegründeten
2954 4623 3008 4650 und
3027 4624 3074 4652 mit
3093 4623 3182 4658 ebenso
3202 4627 3305 4661 großem
3318 4629 3425 4664 Geschick
3443 4633 3492 4663 wie
3512 4636 3608 4666 vollem

2759 4650 2932 4693 Verständniß
2951 4662 3086 4697 geleiteten
3100 4664 3297 4698 „Itonumeota
3311 4668 3479 4700 Germanins
3495 4675 3607 4705 Paeda-

2759 4698 2887 4733 gogica“.
2923 4700 2994 4731 Dies
3013 4702 3204 4739 Unternehmen
3224 4706 3296 4736 kennt
3316 4709 3385 4740 keine
3398 4711 3546 4744 Schranken
3565 4718 3609 4746 der

2759 4737 2853 4769 Partei
2874 4741 2931 4768 oder
2949 4741 2993 4770 der
3012 4742 3177 4778 Konfession;
3204 4748 3252 4776 mit
3272 4749 3400 4783 derselben
3419 4752 3608 4791 Unparteilich¬

2759 4777 2807 4807 keit
2824 4779 2889 4808 wird
2908 4779 2963 4813 hier
2982 4784 3030 4810 den
3048 4782 3203 4818 böhmischen
3222 4785 3343 4818 Brüdern
3371 4792 3420 4821 wie
3448 4795 3498 4824 den
3515 4795 3608 4831 Jesui¬

2759 4821 2804 4847 ten
2822 4820 2872 4847 das
2884 4819 2959 4849 Wort
2979 4821 3101 4856 gestaltet,
3119 4822 3145 4855 so
3164 4825 3213 4857 daß
3233 4827 3313 4858 Beide
3332 4830 3391 4865 ihre
3404 4834 3607 4871 pädagogischen

2759 4857 2952 4893 Bestrebungen
2983 4869 3035 4889 von
3067 4862 3148 4896 ihrem
3180 4864 3363 4901 Standpunkte
3395 4877 3447 4902 aus
3476 4876 3609 4910 darstellen

2759 4897 2865 4927 können.
2901 4899 2961 4929 Das
2986 4900 3172 4936 abschließende
3201 4906 3302 4942 Uriheil
3328 4912 3395 4940 wird
3422 4915 3493 4944 dann
3524 4917 3608 4951 später

2758 4937 2799 4967 die
2817 4936 2954 4970 Geschichte
2974 4942 3017 4969 der
3035 4940 3193 4980 Pädagogik,
3218 4948 3258 4976 die
3278 4949 3354 4980 einen
3374 4952 3487 4987 höheren
3505 4956 3609 4987 Stand¬

2757 4977 2833 5008 punkt
2853 4978 3035 5013 einzunehmcn
3055 4982 3188 5020 bercchrigt
3208 4986 3245 5021 ist.
3265 4988 3335 5023 leicht
3351 4995 3404 5021 und
3418 4994 3490 5028 sicher
3510 5004 3546 5025 an
3566 4999 3608 5028 der

2757 5016 2835 5050 Hand
2854 5019 2898 5046 des
2918 5019 3105 5054 authentischen
3125 5023 3272 5056 Materials
3293 5030 3409 5066 abgeben
3429 5035 3555 5066 können."

2809 5055 2851 5090 In
2871 5057 2993 5088 breiterer
3012 5059 3188 5101 Ausführung
3207 5069 3301 5097 erwies
3324 5071 3421 5104 sodann
3441 5077 3486 5104 der
3505 5076 3608 5108 Redner

2756 5099 2808 5124 aus
2827 5095 2925 5131 äußerst
2945 5098 3098 5133 lehrreichen
3117 5102 3268 5139 Beispielen
3294 5110 3339 5144 auf
3359 5113 3414 5142 dem
3433 5113 3545 5146 Gebiete
3565 5120 3607 5148 der

2753 5135 2883 5169 deutschen
2901 5137 3060 5175 Philologie,
3088 5143 3138 5177 daß
3156 5146 3198 5175 die
3218 5147 3370 5186 bisherigen
3391 5152 3606 5193 Bearbeitungen

2754 5176 2799 5204 der
2811 5177 2939 5211 deutschen
2952 5178 3245 5219 Erziehungsgeschichte
3265 5192 3443 5227 unzulänglich
3464 5195 3541 5227 seien.
3570 5198 3606 5228 Er

2754 5217 2849 5248 machte
2868 5218 2943 5247 dabei
2969 5220 3026 5249 eine
3050 5222 3133 5257 Reihe
3162 5227 3292 5263 wichtiger
3309 5228 3449 5263 Probleme
3477 5237 3606 5273 namhaft,

2754 5262 2801 5284 um
2818 5264 2849 5291 zu
2867 5259 2961 5294 zeigen,
2980 5261 3053 5295 welch
3074 5264 3151 5294 reiche
3165 5265 3317 5303 Ausschlüffe
3335 5272 3379 5301 die
3397 5281 3497 5308 genaue
3511 5276 3606 5308 Unter¬

2754 5293 2865 5332 suchung
2892 5300 2935 5327 der
2964 5299 3137 5340 Entwicklung
3165 5307 3210 5335 der
3236 5309 3366 5344 deutschen
3394 5313 3606 5352 Echulgeschichie

2754 5338 2808 5366 und
2835 5338 2875 5367 die
2902 5341 2985 5369 damit
3014 5343 3178 5375 verbundene
3209 5345 3357 5386 sorgfältige
3388 5352 3606 5394 Durchforschung
