3185 4606
265 396 277 404 ,
403 377 588 398 -HboMucmcnt.

168 412 266 440 BABkIj
286 411 329 438 (bei
347 410 406 433 allen
430 412 603 437 PoftdureanrI:
625 410 662 437 Fr.
675 412 700 432 »l
727 411 826 438 >»hrl!ch,

139 439 179 466 G».
194 441 226 462 »0.
240 442 266 460 L0
279 437 426 467 h-lblahrli»,
442 438 477 463 Fr.
492 441 510 461 ».
525 442 553 459 !>o
572 437 745 465 »iertetjahrli».
771 430 845 464 Zürich

138 467 215 493 p»enn
228 465 259 488 die
267 465 362 493 Zeitunz
372 465 405 487 bei
416 468 451 487 der
462 464 592 493 Srpediiion
601 463 682 489 bestellt
693 468 736 487 und
746 464 846 493 abgebatt

138 493 217 518 »lrd>:
231 492 267 516 Fr.
284 494 308 513 16
309 507 315 517 ,
328 491 367 516 Fr.
380 493 401 516 8,
413 492 450 516 Fr.
464 494 482 513 4.
493 494 523 514 so.
554 491 652 514 Sludland
666 490 802 519 (Bestellung
813 490 844 514 bei

135 521 177 544 bet
191 519 245 545 Post
260 521 308 541 oder
322 520 357 541 der
373 517 524 544 Ervedition):
544 524 571 547 zu
596 521 634 541 den
653 518 788 544 Pokvreise»
808 518 845 544 für

201 545 233 568 die
246 544 342 574 Schweiz
357 545 413 567 wird
426 545 457 567 die
470 545 594 570 Frankatur
608 545 785 574 hinjugerechnet.

284 598 389 625 Einzelne
403 597 529 621 Nummern
545 598 612 624 kosten
628 599 651 620 16
665 597 709 623 Sir.

138 652 292 677 Mmmement
307 652 348 674 und
360 651 492 678 Szredition
502 652 602 679 besorgen
616 650 689 676 Orell,
700 651 764 678 Füßli
779 652 797 674 k
805 651 844 676 So.

1232 444 1576 504 -fünfzigster
1608 442 1922 502 Jahrgang.

2297 406 2338 434 ßu»
2353 414 2382 431 an
2394 408 2532 434 Haaseustein
2547 411 2590 432 und
2605 409 2690 438 Bögler
2704 410 2727 432 in
2740 409 2816 435 Zürich
2831 412 2881 434 «der
2895 417 2923 434 an
2937 413 3002 437 der«

2295 436 2434 463 «utwartige
2447 435 2532 462 Hiiuser
2547 436 2694 466 eiuzusentea;
2707 432 2907 463 I»sertio»«»rei«:
2922 439 3002 466 lbSt».

2295 461 2326 485 die
2347 461 2486 491 »iersraltige
2506 462 2622 492 Petitzeile
2641 466 2692 486 oder
2710 463 2745 492 ihr
2768 463 2844 487 Raum
2865 466 2892 490 (S
2904 464 3002 489 Are»»«

2555 493 2604 513 oder
2621 490 2658 512 !>/»
2670 490 2739 516 Bot.)

1304 593 1594 665 Zweites
1628 591 1850 656 Blatt.

2407 551 2502 574 Bureau
2516 553 2553 575 der
2567 552 2700 575 Redaltion:
2713 552 2854 581 Marktgaffe,
2867 555 2888 575 8.

2328 621 2375 648 Für
2389 623 2429 645 de»
2442 621 2540 651 Montag
2555 621 2609 645 wird
2624 622 2653 645 die
2667 622 2763 651 Zeitung
2777 623 2865 648 einmal,
2880 624 2917 650 für
2931 622 2975 649 all»

2431 648 2523 677 übrige»
2537 649 2597 678 Tage
2612 648 2711 678 zweimal
2725 650 2868 678 autgegebeu.

204 748 470 809 Zürich.

386 899 790 951 Tagesbericht

453 971 509 991 vom
529 962 574 990 29.
592 962 731 996 Dezember.

200 1009 264 1041 Von
277 1009 340 1045 fden
362 1007 559 1043 Dimensionen
588 1006 635 1036 des
666 1005 801 1045 unseligen
823 1004 1057 1045 Nationalkricges

132 1050 263 1090 zwischen
285 1048 438 1087 Frankreich
467 1047 520 1077 und
542 1045 725 1093 Deutschland
751 1044 804 1076 und
826 1054 880 1076 von
899 1045 945 1076 der
964 1044 1059 1076 leiden¬

135 1090 300 1130 schaftlichen
321 1087 541 1127 Harmäckigkeit,
573 1090 664 1116 womit
686 1095 713 1116 er
735 1085 838 1125 geführt
859 1085 943 1121 wird,
965 1093 1060 1125 zeugen

133 1131 181 1161 Lic
203 1128 429 1168 außerordentlich
451 1128 553 1166 großen
575 1125 680 1164 Opfer,
702 1125 743 1155 die
765 1124 913 1162 beiderseits
933 1126 978 1161 für
999 1125 1058 1155 den¬

141 1170 227 1208 selben
249 1169 322 1209 schon
342 1167 463 1208 gebracht
485 1165 589 1198 worden
601 1165 666 1203 sind,
689 1165 742 1196 unb
754 1164 793 1195 die
804 1165 920 1204 äußerste
934 1165 1059 1202 Anstren¬

140 1219 216 1251 gung
237 1210 302 1240 aller
322 1208 436 1243 Kräfte,
457 1207 498 1237 die
519 1205 681 1245 neuerdings
703 1204 814 1245 gemacht
838 1204 915 1241 wird,
944 1213 991 1235 um
1012 1204 1060 1243 ihn

140 1249 334 1289 fortzuführcn.
378 1247 475 1286 Welch'
508 1247 653 1286 ungeheure
680 1244 799 1282 Verluste
827 1244 1060 1282 Frankreich

141 1290 221 1329 durch
243 1289 309 1326 seine
330 1288 414 1318 vielen
435 1286 489 1317 und
517 1286 641 1325 schweren
663 1284 840 1323 Niederlagen
869 1284 965 1315 bereits
988 1283 1061 1323 schon

141 1330 247 1361 erlitten
269 1329 331 1368 hat,
360 1328 392 1365 ist
413 1327 523 1358 bekannt
544 1326 596 1356 und
618 1324 759 1361 besonders
779 1323 854 1363 durch
877 1323 987 1363 deutsche
1007 1323 1061 1355 Be¬

142 1370 352 1409 richterstattung
390 1367 525 1405 konstatirt
558 1365 672 1396 worden.
715 1363 1003 1404 Merkwürdigerweise
1030 1363 1062 1400 ist

141 1420 208 1441 man
230 1419 281 1440 von
302 1407 351 1439 den
373 1406 556 1446 deutschen
577 1405 785 1441 Verlusten
806 1412 853 1443 zur
865 1403 978 1434 Stunde
999 1403 1061 1441 noch

142 1450 260 1489 weniger
281 1455 327 1488 gut
349 1447 532 1486 unterrichtet,
565 1445 617 1475 und
648 1446 720 1475 wäre
748 1444 826 1483 daher
858 1443 914 1474 eine
946 1442 1063 1487 amtliche

141 1490 312 1528 Aufstellung
332 1488 399 1518 über
418 1486 459 1518 die
480 1485 624 1523 wirklichen
645 1484 766 1522 Verluste
792 1484 846 1514 und
866 1484 916 1513 den
937 1481 1064 1520 Efscktiv-

144 1529 220 1565 stand
241 1528 286 1559 der
307 1527 438 1565 deutschen
458 1526 542 1564 Heere
574 1534 618 1555 um
645 1525 671 1561 so
705 1522 985 1571 münschcnswerther,
1018 1523 1063 1552 als

141 1569 255 1608 dadurch
270 1566 405 1604 einerseits
421 1566 587 1605 täuschenden
607 1565 661 1594 und
677 1563 821 1600 anderseits
833 1561 1065 1602 beunruhigenden

143 1610 297 1648 Gerüchten
318 1606 480 1646 vorgcbcugt
494 1605 591 1637 würde.
612 1605 655 1642 In
672 1603 863 1643 Ermanglung
879 1602 1065 1641 authentischer

144 1650 277 1689 Angaben
308 1648 390 1686 lassen
421 1648 470 1677 mir
501 1646 558 1683 hier
587 1644 627 1675 die
654 1643 827 1682 Berechnung
859 1642 905 1673 der
934 1642 1065 1682 deutschen

144 1689 277 1727 Verluste,
299 1687 390 1725 welche
410 1687 451 1717 die
471 1684 786 1723 „Pall-Mall-Gazctte"
810 1682 875 1723 gibt,
898 1683 995 1722 folgen,
1017 1690 1065 1711 um

146 1729 173 1766 so
196 1729 278 1768 mehr,
301 1732 344 1758 als
366 1727 408 1756 die
429 1726 486 1756 rein
506 1724 692 1761 militärischen
714 1723 829 1763 Notizen
849 1722 932 1759 dieses
953 1722 1065 1753 Blattes

145 1778 202 1800 von
223 1768 307 1799 einem
337 1766 492 1805 namhaften
520 1764 703 1803 militärischen
728 1763 878 1803 Fachmann
909 1762 973 1801 (wie
1001 1771 1066 1792 man

143 1809 258 1848 glaubt,
290 1817 342 1838 von
364 1807 423 1837 dein
444 1806 504 1845 auch
527 1806 556 1837 in
577 1803 755 1841 Deutschland
777 1805 917 1834 bekannten
944 1802 997 1832 und
1020 1803 1065 1831 als

143 1847 437 1886 Militärschriftsteller
472 1846 621 1885 geschätzten
654 1843 900 1880 Oberstlieutenant
936 1841 1064 1881 Chcsny)

146 1889 302 1928 hcrrühren,
324 1887 430 1925 welcher
450 1886 491 1916 die
503 1884 649 1924 Ereignisse
663 1882 718 1914 und
733 1882 909 1922 Verhältnisse
930 1881 1065 1921 gründlich

145 1929 202 1959 und
223 1926 395 1967 unparteiisch
417 1925 540 1965 bespricht
561 1925 612 1954 und
635 1923 781 1962 bcurthcilt.

210 1977 268 2008 Die
289 1976 350 2014 erste
371 1975 615 2013 Jnvasionsarmce
636 1990 673 1994 —
696 1974 723 2010 so
746 1971 848 2010 schreibt
877 1970 917 2002 die
940 1970 984 2009 „P
996 1980 1011 2001 a
1024 1971 1034 1999 l
1046 1971 1064 2000 l-

148 2018 189 2049 M
201 2028 216 2047 a
228 2018 259 2047 ll
270 2029 279 2044 -
292 2016 323 2048 G
335 2025 351 2045 a
363 2026 376 2055 z
388 2025 399 2045 e
413 2019 422 2045 t
434 2021 442 2045 t
456 2017 484 2045 c"
517 2031 559 2037 —
587 2012 692 2045 bestand
725 2017 777 2042 aus
808 2012 857 2041 den
891 2010 1067 2048 sämmtlichen

143 2056 358 2096 Linicntruppcn
391 2064 444 2085 von
477 2054 567 2085 Nord-
588 2053 643 2083 und
672 2050 906 2091 Süddcntschland
938 2050 967 2080 in
998 2050 1068 2080 einer

149 2097 253 2128 Stärke
274 2106 328 2127 von
349 2097 479 2132 640,00V
500 2094 603 2125 Mann.
638 2092 715 2130 Zwei
737 2092 852 2123 Monate
873 2090 955 2129 Krieg
977 2089 1068 2128 hatten

146 2137 217 2174 diese
231 2135 408 2170 Streitkräfte
429 2135 456 2171 so
477 2135 545 2171 stark
564 2133 687 2171 reduzirt,
702 2131 755 2169 daß
776 2131 821 2162 der
842 2131 903 2167 erste
917 2128 1067 2169 Nachschub

148 2176 196 2207 der
217 2175 452 2214 Ersatzbataillone
483 2175 539 2204 und
561 2172 780 2211 Schwadronen,
808 2170 846 2201 im
867 2170 981 2209 Ganzen
1000 2174 1068 2200 etwa

146 2218 289 2253 200,000,
312 2217 349 2246 im
373 2215 485 2253 Anfang
505 2213 624 2244 Oktober
651 2214 731 2250 lange
751 2212 818 2250 nicht
839 2209 996 2249 hinrcichte,
1028 2208 1068 2238 die

148 2256 310 2287 Bataillone
340 2254 437 2285 wieder
467 2254 514 2289 auf
545 2252 585 2283 die
616 2253 684 2282 volle
704 2251 885 2290 Kriegsstärke
916 2259 968 2280 von
992 2250 1068 2279 1000

144 2297 247 2327 Mann
268 2305 301 2335 zu
323 2295 445 2333 bringen.
487 2293 546 2324 Tie
566 2291 660 2323 Annee
692 2300 741 2321 vor
761 2290 849 2326 Paris
875 2290 959 2329 zählte
978 2289 1069 2327 durch¬

147 2336 291 2375 schnittlich
315 2335 473 2364 700—800
495 2333 589 2364 Mann
611 2341 656 2370 per
677 2330 840 2366 Bataillon,
874 2329 998 2367 während
1029 2328 1069 2358 die

150 2376 283 2414 Truppen
305 2384 355 2405 vor
371 2374 441 2411 Metz
463 2374 524 2411 noch
548 2372 668 2412 geringer
690 2381 725 2401 an
739 2370 811 2416 Zahl
825 2369 945 2399 wurden.
966 2368 1067 2399 Krank¬

149 2415 239 2455 heiten
270 2416 325 2445 und
344 2414 460 2452 Käinpfc
485 2412 562 2450 rissen
580 2411 642 2441 bald
663 2412 727 2449 noch
748 2413 849 2441 wertere
870 2408 981 2444 Lücken,
1012 2407 1069 2437 und

151 2457 197 2486 als
219 2455 306 2494 Prinz
327 2453 460 2493 Friedrich
489 2452 559 2483 Karl
589 2450 638 2481 mit
671 2451 757 2488 seinen
788 2452 804 2480 3
832 2448 926 2487 Korps
959 2457 993 2477 an
1024 2447 1069 2476 der

150 2495 231 2526 Loire
252 2497 399 2533 anlangte,
428 2502 516 2523 waren
553 2491 677 2527 dieselben
699 2490 745 2528 tief
765 2496 841 2520 unter
863 2489 919 2527 ihre
941 2488 1069 2518 Normal¬

150 2535 233 2572 stärke
264 2533 586 2574 zusammengeschmolzen
618 2532 671 2561 und
705 2531 793 2567 hatten
823 2538 876 2559 nur
905 2528 967 2566 noch
995 2527 1070 2557 einen

151 2573 465 2613 Durchschnittsbestand
497 2582 532 2603 an
564 2570 770 2609 Mannschaften
801 2578 854 2599 von
887 2569 944 2598 450
965 2567 1070 2605 Köpfen

148 2624 199 2653 per
220 2615 366 2645 Bataillon
388 2612 570 2652 aufzuwcisen.
610 2610 662 2648 Im
683 2611 797 2648 Januar
817 2608 885 2639 wird
905 2608 950 2638 der
971 2607 1069 2638 Rekru-

150 2655 273 2692 tcncrsatz
296 2663 349 2685 von
373 2655 448 2682 1870
470 2653 509 2683 bei
531 2652 578 2682 den
593 2650 785 2690 Regimentern
805 2647 951 2685 cintrcffen,
972 2647 1017 2677 der
1031 2646 1070 2676 bei

151 2694 224 2725 einer
247 2693 469 2731 Gesammtstärkc
500 2701 555 2722 von
576 2692 703 2727 111,000
725 2690 818 2720 Mann
850 2692 933 2718 etwas
955 2687 1069 2725 weniger

151 2734 199 2765 als
232 2736 289 2763 300
311 2733 407 2764 Mann
438 2741 479 2771 pr.
500 2731 644 2763 Bataillon
666 2729 844 2768 Verstärkung
875 2728 964 2765 liefern
993 2726 1070 2756 wird.

152 2773 283 2812 Dadurch
305 2773 407 2804 werden
428 2770 639 2810 voraussichtlich
662 2769 724 2800 bald
745 2769 785 2799 die
799 2768 956 2799 Bataillone
978 2766 1071 2797 wieder

152 2815 202 2846 aus
224 2816 281 2844 650
303 2812 408 2848 Mann,
430 2812 484 2842 und
506 2821 582 2842 wenn
604 2810 644 2840 die
663 2810 778 2850 jungem
800 2807 1005 2845 Mannschaften
1026 2805 1070 2835 der

151 2853 343 2890 Ersatzreservc
374 2853 423 2882 mit
444 2850 611 2891 ausgcbildet
631 2849 739 2880 morden
761 2848 836 2883 sind,
869 2847 992 2884 vielleicht
1024 2845 1072 2882 auf

154 2895 214 2923 750
236 2894 329 2924 Mann
353 2893 481 2931 gebracht.
504 2889 602 2921 Damit
626 2890 695 2926 hätte
717 2887 779 2920 man
800 2887 814 2908 s
815 2892 840 2924 /4
861 2888 904 2918 der
926 2886 1071 2926 Original-

152 2933 243 2970 starke,
265 2934 290 2963 d.
303 2933 328 2972 h.
352 2932 408 2963 eine
423 2931 518 2962 Armee
541 2939 592 2961 von
614 2931 742 2963 480,000
757 2928 851 2959 Mann
867 2926 1072 2965 Linicntruppcn

152 2978 206 3003 aus
238 2973 309 3003 einer
332 2972 472 3007 Million,
502 2970 545 3000 die
576 2979 628 3000 von
650 2968 830 3008 Deutschland
864 2971 916 2996 aus
948 2967 1010 2997 über
1031 2965 1071 2995 die

151 3013 262 3052 Grenze
283 3012 374 3043 rückte.
416 3011 515 3041 Somit
538 3009 568 3047 ist
589 3009 664 3046 mehr
696 3012 739 3039 als
770 3009 809 3039 die
829 3006 923 3045 Hälfrc
943 3006 988 3036 der
1009 3006 1070 3044 nach

153 3053 309 3091 Frankreich
332 3052 471 3092 gesandten
486 3051 695 3088 Linicntruppen
718 3049 746 3079 in
768 3051 786 3078 4
801 3047 937 3077 Monaten
960 3046 1071 3085 gefallen

150 3094 218 3123 oder
238 3093 307 3130 sonst
328 3091 532 3130 kampfunfähig
553 3092 699 3130 geworden.
739 3088 784 3127 In
803 3086 884 3123 dieser
897 3086 1072 3125 Berechnung

151 3132 212 3168 stnd
233 3132 275 3162 die
295 3130 609 3169 Landwehrbataillone,
630 3129 671 3158 die
693 3129 760 3158 alles
782 3128 811 3158 in
833 3126 922 3156 Allem
944 3126 1072 3162 240,000

152 3171 251 3202 Mann
273 3172 375 3211 zählen,
397 3171 465 3209 nicht
486 3168 653 3209 inbegriffen.

217 3220 279 3252 Der
301 3219 528 3258 Berichterstatter
548 3219 591 3248 der
615 3217 748 3254 „Times"
772 3216 800 3247 in
822 3214 967 3246 Bordeaux
989 3213 1070 3252 bestä¬

152 3260 206 3300 tigt
228 3278 265 3283 —
288 3264 349 3291 was
372 3270 424 3290 von
446 3257 634 3297 verschiedenen
657 3256 757 3287 Seiten
789 3255 913 3296 gemeldet
934 3254 1001 3285 wird
1025 3270 1071 3288 —,

151 3300 209 3339 daß
231 3300 346 3339 Jules
370 3300 484 3337 Favre
516 3298 669 3336 Frankreich
703 3296 749 3334 auf
776 3296 821 3326 der
842 3294 980 3326 Londoner
998 3292 1072 3325 Kon¬

155 3340 245 3380 ferenz
281 3345 410 3371 vertreten
445 3338 503 3376 soll.
560 3337 687 3375 Preußen
719 3335 801 3366 werde
831 3334 946 3373 dcßhalb
977 3332 1074 3371 ersucht

155 3380 278 3417 werden,
307 3380 366 3420 ihm
387 3379 462 3409 einen
484 3377 731 3416 „sauk-oonckuit"
752 3375 936 3413 auszustellcn.
978 3373 1074 3410 Dieser

151 3419 301 3458 Entschluß
314 3420 357 3458 ist,
368 3420 425 3449 dem
436 3417 684 3456 Korrespondenten
705 3416 822 3455 zufolge,
844 3414 912 3452 nicht
933 3413 993 3451 nach
1016 3412 1073 3443 dem

150 3459 309 3498 Geschmack
341 3459 589 3493 Gambetta's,
621 3456 667 3486 der
696 3460 725 3486 cS
755 3455 834 3486 lieber
866 3453 986 3493 gesehen,
1019 3452 1071 3490 daß

152 3499 311 3538 Frankreich
334 3499 382 3538 sich
404 3507 455 3528 von
477 3498 522 3527 der
542 3496 689 3535 Konferenz
721 3494 835 3535 gänzlich
865 3495 922 3531 fern
952 3492 1073 3532 gehalten

154 3539 238 3577 hätte.
260 3538 351 3578 (Nach
372 3538 443 3568 einer
464 3535 822 3574 Versaillcrkorrespondcnz,
843 3533 883 3564 die
897 3533 948 3563 wir
962 3541 1072 3571 morgen

151 3579 289 3617 dringen,
320 3580 393 3610 wäre
424 3576 541 3617 dagegen
571 3576 708 3615 Thiers
740 3578 784 3605 als
816 3573 952 3604 Vertreter
974 3581 1008 3602 an
1029 3573 1073 3601 der

154 3618 306 3659 Konferenz
327 3618 484 3655 bcstimint.)

217 3666 400 3708 Französische
422 3665 531 3697 Blätter
559 3663 780 3701 ocrösscntlichtcn
809 3662 883 3701 schon
904 3671 953 3692 vor
974 3660 1073 3699 einiger

153 3706 217 3745 Zeit
239 3708 315 3739 einen
348 3708 445 3746 langen
477 3704 581 3741 Brief
605 3704 776 3743 Guizot's
798 3711 832 3732 an
854 3701 894 3732 die
916 3701 1072 3740 Regierung

151 3747 203 3777 der
223 3745 580 3785 Nationaloerthcidigung,
612 3744 657 3774 der
688 3753 745 3774 nun
776 3742 839 3779 auch
868 3750 922 3772 von
942 3740 1073 3779 deutschen

153 3786 285 3818 Blättern
315 3786 425 3824 vielfach
455 3785 577 3824 ermähnt
607 3784 686 3813 wird.
726 3783 771 3820 In
801 3781 895 3818 diesem
926 3772 1073 3818 Schreiben

151 3827 261 3865 «rthcilt
290 3828 336 3857 der
368 3825 510 3865 eheinalige
543 3823 672 3860 Minister
703 3823 748 3853 der
777 3820 993 3860 Julimonarchie
1022 3818 1072 3850 den

154 3866 338 3907 Mitgliedern
360 3865 405 3896 der
425 3861 895 3903 Landcsvcrlhcidigungsrcgicrung
916 3859 1073 3899 rinestheils

154 3905 224 3943 seine
245 3906 335 3944 vollste
346 3905 538 3946 Zustimmung
560 3903 614 3934 und
625 3902 821 3941 Anerkennung
843 3901 888 3933 für
908 3900 965 3939 ihre
979 3900 1073 3938 außer¬

153 3945 330 3985 ordentlichen
343 3945 498 3984 Leistungen
521 3953 578 3983 zum
588 3942 677 3981 Zweck
691 3942 737 3972 der
746 3933 1072 3979 Lanbesvertheidigung;

152 3985 341 4024 andcrnthcils
364 3986 426 4015 aber
446 3984 538 4023 dringt
560 3992 585 4013 er
607 3981 814 4022 nachdrücklichst
835 3981 885 4018 auf
898 3979 1002 4017 baldige
1016 3978 1072 4017 Zu-

154 4025 409 4064 sammcnberufung
440 4023 512 4055 einer
543 4022 591 4060 frei
622 4022 769 4062 gewählten
796 4018 1073 4056 Nationalversamm¬

153 4064 235 4105 lung,
256 4066 335 4096 deren
358 4063 561 4101 unabweisliche
582 4059 812 4101 Nothwcndigkeit
834 4069 863 4090 er
883 4060 994 4090 erörtert
1017 4058 1072 4089 und

154 4105 351 4145 nachzuweiscn
373 4103 449 4142 sucht.
470 4103 576 4149 Guizot
598 4102 655 4141 hält
675 4101 763 4139 dafür,
785 4099 826 4131 die
847 4099 1003 4140 Negierung
1026 4097 1069 4136 sei,

152 4145 225 4183 ohne
245 4145 287 4176 die
298 4144 496 4182 Unterstützung
517 4151 587 4174 einer
609 4141 765 4181 gesetzlichen
776 4139 1071 4179 Nationaloertretung,

152 4184 202 4215 der
222 4185 390 4225 ungeheuren
423 4182 563 4223 Aufgabe,
594 4181 643 4213 den
663 4181 747 4220 Krieg
775 4179 825 4211 mit
846 4179 946 4219 Erfolg
973 4179 1071 4217 fortzu¬

152 4223 243 4262 setzen,
263 4225 332 4263 nicht
355 4223 509 4264 gewachsen,
532 4221 586 4253 und
607 4221 680 4268 fragt
695 4223 756 4260 nach
769 4221 819 4251 den
829 4218 968 4255 Motiven,
981 4218 1072 4257 welche

155 4263 192 4301 sie
204 4265 381 4303 veranlassen,
391 4263 432 4294 die
443 4261 634 4301 Einberufung
645 4270 718 4292 einer
730 4259 916 4298 Konstituante
935 4267 969 4305 zu
982 4261 1072 4289 Unter¬

154 4303 249 4342 lasten.
274 4304 331 4335 Die
344 4303 441 4343 Sorge
462 4302 506 4341 für
525 4302 567 4334 die
587 4300 746 4340 Erhaltung
765 4300 812 4331 der
824 4299 969 4338 Republik,
988 4297 1073 4329 meint

152 4342 212 4381 Hr.
233 4343 351 4384 Guizot,
373 4344 454 4374 könne
474 4346 504 4373 eS
526 4340 593 4380 nicht
615 4340 677 4378 sein,
709 4341 777 4371 denn
796 4338 864 4376 diese
884 4338 1071 4379 Rcgierungs-

153 4382 229 4420 form
249 4383 285 4422 sei
304 4385 352 4415 als
373 4382 491 4423 gesichert
511 4391 547 4422 zu
565 4381 720 4421 betrachten,
730 4388 807 4412 wenn
827 4378 861 4416 sie
881 4378 929 4417 sich
949 4387 1003 4410 von
1022 4378 1073 4409 den

1166 739 1360 804 Freitaq
1416 740 1499 792 30.
1540 736 1805 810 Dezember
1847 741 1997 796 1870.

1121 849 1300 888 Auswüchsen
1307 847 1387 887 Nnd
1410 846 1615 885 Experimenten
1635 849 1681 876 der
1703 844 1963 885 Sozialdemokratie
1983 848 2033 885 frei

1122 890 1192 929 halte
1215 888 1268 918 und
1290 888 1348 917 dem
1369 886 1456 918 Lande
1477 886 1552 921 biete,
1574 889 1634 916 was
1656 884 1713 924 ihm
1733 885 1798 924 noth
1820 885 1892 925 thue,
1914 886 2033 926 Freiheit

1121 928 1272 959 verbunden
1292 927 1342 957 mit
1364 926 1504 966 Ordnung
1536 925 1590 955 und
1613 924 1766 964 Sicherheit
1786 925 1832 956 der
1852 926 1957 964 Person
1978 928 2033 959 und

1120 969 1168 998 des
1190 967 1370 1007 Eigenthums
1392 976 1421 997 u.
1442 966 1461 1003 s.
1482 975 1517 996 w.
1560 966 1629 997 Eine
1650 965 1841 1003 Restauration
1867 966 1912 998 der
1941 967 2033 1005 Napo-

1121 1008 1260 1047 leon'schen
1282 1006 1416 1046 Dynastie
1437 1007 1469 1044 sei
1491 1006 1660 1046 unmöglich;
1691 1005 1746 1036 eine
1778 1006 1968 1041 Restauration
1989 1008 2034 1039 der

1121 1048 1291 1079 Bourbonen
1312 1047 1381 1086 nicht
1401 1056 1434 1086 zu
1455 1046 1595 1085 besorgen,
1627 1046 1686 1076 weil
1719 1045 1773 1084 ihre
1792 1046 1882 1083 Ideen
1902 1047 1947 1078 der
1967 1047 2035 1079 Ver¬

1123 1087 1283 1129 gangenheit
1313 1087 1463 1127 angchörcn
1495 1089 1551 1116 und
1579 1086 1628 1116 den
1648 1084 1837 1123 Bedürfnissen
1857 1087 1902 1116 der
1925 1086 2035 1128 Neuzeit

1122 1129 1189 1168 nicht
1222 1128 1319 1168 gerecht
1340 1137 1372 1167 zu
1394 1126 1496 1157 werden
1527 1125 1676 1164 verstehen,
1707 1125 1761 1155 und
1791 1125 1832 1156 die
1863 1126 2035 1165 Orleanisten

1123 1169 1219 1207 endlich
1253 1167 1317 1206 habe
1348 1167 1388 1198 die
1410 1166 1543 1205 Republik
1574 1166 1641 1205 nicht
1662 1174 1696 1205 zu
1717 1166 1846 1205 fürchten,
1879 1168 1940 1198 weil
1970 1168 2035 1205 diese

1122 1209 1273 1247 überhaupt
1304 1207 1373 1246 nicht
1393 1206 1678 1245 Thronprätendcnten
1711 1205 1776 1242 seien
1808 1206 1862 1236 und
1892 1208 1936 1237 als
1958 1209 2034 1247 recht¬

1124 1249 1246 1288 schaffene
1267 1247 1435 1287 französische
1454 1245 1568 1286 Bürger
1595 1246 1681 1285 nichts
1703 1246 1814 1276 anderes
1836 1247 1970 1286 wünschen
1990 1249 2035 1278 als

1123 1290 1164 1319 die
1196 1287 1358 1328 Wohlfahrt
1390 1286 1574 1324 Frankreichs.
1596 1303 1632 1308 —
1652 1285 1697 1324 In
1719 1286 1769 1316 wie
1788 1286 1849 1317 weit
1869 1287 1915 1317 der
1936 1288 2036 1327 ehema¬

1123 1330 1176 1368 lige
1197 1328 1328 1366 Minister
1349 1327 1435 1358 Louis
1456 1326 1590 1365 Philipps
1618 1326 1697 1365 durch
1723 1325 1764 1356 die
1785 1326 1884 1365 Wucht
1904 1327 1949 1357 der
1969 1328 2036 1359 Ver¬

1124 1369 1245 1407 hältnisse
1268 1368 1348 1405 selber
1369 1368 1416 1407 sich
1438 1366 1579 1405 aufrichtig
1601 1375 1632 1406 zu
1653 1366 1735 1396 einem
1763 1366 1924 1402 besonnenen
1945 1368 2036 1406 Rcpu-

1124 1410 1305 1440 blikanismus
1327 1408 1429 1447 bekehrt
1450 1407 1505 1447 hat,
1529 1407 1588 1444 läßt
1608 1406 1729 1445 sich',aus
1753 1406 1844 1442 seinem
1860 1406 1953 1446 Briefe
1974 1410 2035 1446 noch

1124 1450 1192 1485 nicht
1214 1448 1263 1479 mit
1285 1448 1456 1488 Gewißheit,
1463 1446 1628 1484 entnehmen.

1184 1499 1255 1531 Eine
1285 1496 1528 1534 rumänische
1559 1498 1686 1535 Frage
1717 1495 1809 1534 scheint
1840 1500 1868 1526 es
1901 1498 1961 1530 trotz
1992 1496 2038 1527 der

1127 1538 1261 1579 offiziösen
1292 1538 1345 1568 und
1377 1536 1518 1576 offiziellen
1550 1535 1695 1567 Dementis
1726 1545 1782 1566 nun
1813 1535 1872 1573 doch
1905 1536 1934 1566 in
1956 1536 2038 1567 einem

1145 1579 1245 1617 ewistcn
1267 1577 1361 1608 Sinne
1392 1586 1425 1617 zu
1456 1576 1544 1616 geben.
1588 1575 1641 1606 Als
1666 1574 1794 1615 unrichtig
1815 1575 1883 1606 wird
1911 1576 1964 1615 jetzt
1985 1585 2039 1607 nur

1144 1623 1177 1649 as
1199 1629 1234 1648 an
1254 1618 1302 1648 den
1323 1617 1404 1654 ersten
1426 1616 1535 1647 Wiener
1557 1615 1696 1654 Berichten
1717 1615 1862 1655 bezeichnet,
1884 1615 1936 1654 daß
1958 1615 2038 1654 Fürst

1126 1658 1195 1690 Karl
1226 1667 1278 1688 von
1312 1657 1466 1689 Rumänien
1497 1656 1546 1686 den
1568 1655 1703 1694 Vertrag,
1735 1656 1851 1694 welchem
1883 1655 2039 1687 Rumänien

1127 1699 1193 1736 seine
1214 1698 1299 1737 jetzige
1320 1697 1441 1736 Existenz
1471 1696 1613 1731 verdankt,
1645 1695 1769 1735 gekündet
1791 1695 1864 1734 habe.
1908 1694 2039 1736 Dagegen

1128 1739 1195 1770 wird
1216 1739 1255 1769 die
1278 1737 1413 1776 Meldung
1435 1738 1478 1767 der
1501 1735 1646 1773 „Times",
1679 1735 1783 1775 wonach
1816 1735 1894 1773 Fürst
1915 1735 1983 1767 Karl
2005 1746 2040 1766 an

1128 1778 1168 1810 die
1190 1777 1421 1816 Garantiemächte
1441 1777 1487 1807 des
1503 1775 1751 1816 Pariservertrages
1772 1775 1812 1805 ein
1829 1775 2041 1806 Memorandum

1128 1817 1246 1858 gerichtet
1269 1817 1333 1856 hat,
1365 1817 1419 1853 jetzt
1440 1816 1499 1855 auch
1520 1816 1550 1846 in
1570 1817 1615 1846 der
1638 1815 1739 1853 „Köln.
1759 1815 1842 1854 Ztg."
1866 1820 1918 1846 aus
1940 1815 2041 1847 Berlin

1128 1859 1181 1889 und
1214 1859 1242 1888 in
1274 1859 1318 1887 der
1346 1853 1438 1896 „Allg.
1458 1855 1540 1895 Ztg."
1565 1860 1618 1886 a»S
1640 1855 1721 1886 Wien
1743 1855 1883 1894 bestätigt,
1915 1856 1967 1885 und
1999 1856 2041 1886 die

1131 1899 1187 1937 „N.
1209 1898 1258 1935 Fr.
1279 1896 1348 1933 Pr."
1365 1888 1504 1936 versichert!
1526 1896 1577 1934 daß
1590 1895 1631 1926 ein
1645 1895 1855 1934 Handschreiben
1869 1896 1916 1926 des
1929 1895 2042 1933 Fürsten

1129 1949 1165 1970 an
1185 1939 1236 1969 den
1255 1936 1350 1974 Kaiser
1370 1946 1424 1967 von
1444 1935 1603 1974 Oesterreich
1633 1935 1663 1966 in
1690 1934 1772 1966 Wien
1804 1934 1976 1975 cingetroffcn
1997 1935 2041 1973 sei,

1131 1979 1237 2018 welches
1260 1979 1304 2007 als
1327 1976 1473 2014 Vorläufer
1494 1976 1537 2011 für
1552 1975 1602 2006 das
1624 1975 1836 2006 Memorandum
1856 1975 1949 2007 dienen
1970 1975 2042 2012 solle.

1132 2020 1187 2050 Ats
1208 2017 1312 2056 Inhalt
1332 2017 1379 2047 des
1393 2015 1618 2054 Handschreibens
1638 2015 1740 2046 werden
1760 2015 1822 2053 zwei
1843 2014 1946 2052 Punkte
1967 2024 2042 2046 nam-

1132 2059 1190 2097 he.ft
1212 2058 1345 2098 gemacht:
1377 2060 1407 2087 es
1439 2056 1486 2094 soll
1516 2055 1595 2085 darin
1615 2056 1671 2085 dem
1691 2053 1844 2092 Bedürfniß
1867 2055 1936 2086 einer
1958 2057 2042 2086 unab¬

1135 2099 1268 2138 hängigen
1301 2096 1435 2136 Stellung
1455 2095 1628 2127 Rumäniens
1658 2095 1719 2132 nach
1756 2095 1850 2133 Außen
1882 2094 1937 2125 und
1971 2095 2043 2127 einer

1130 2139 1258 2174 Revision
1280 2137 1325 2167 der
1346 2135 1510 2174 bestehenden
1523 2134 1682 2174 Verfassung
1697 2134 1832 2166 Ausdruck
1846 2135 1957 2174 gegeben
1979 2135 2041 2172 sein.

1130 2178 1206 2210 Dem
1226 2177 1354 2209 Berliner
1374 2176 1499 2215 Korrcsp.
1519 2175 1566 2205 der
1589 2175 1687 2212 „Köln.
1708 2174 1790 2214 Ztg."
1823 2175 1928 2215 zufolge
1949 2175 2042 2215 bringt

1131 2219 1211 2256 Fürst
1232 2217 1301 2250 Karl
1324 2218 1351 2247 in
1372 2217 1430 2246 dem
1451 2214 1568 2254 Expose,
1588 2214 1639 2244 das
1660 2215 1709 2245 den
1728 2214 1928 2253 Großmächten
1949 2216 2042 2255 mitge-

1131 2259 1208 2298 theilt
1228 2258 1327 2294 wurde,
1348 2257 1388 2287 die
1402 2256 1491 2287 innere
1506 2254 1653 2285 Situation
1667 2255 1713 2285 des
1727 2253 1830 2285 Landes
1845 2263 1891 2294 zur
1904 2255 2042 2293 Kenntniß

1131 2298 1211 2335 dieser
1231 2297 1359 2336 Mächte,
1389 2296 1444 2326 und
1471 2296 1567 2326 erklärt
1589 2294 1652 2331 seine
1683 2293 1834 2338 Stellung,
1865 2291 1942 2326 wenil
1974 2295 2043 2325 keine

1131 2338 1266 2370 Rcmedur
1286 2336 1404 2376 geschafft
1427 2334 1524 2370 würde,
1546 2334 1591 2371 für
1611 2334 1763 2372 unhaltbar.
1785 2333 1857 2363 Was
1881 2334 1920 2364 die
1934 2333 2043 2372 Mächte

1131 2377 1285 2424 Angesichts
1307 2377 1352 2406 der
1372 2377 1557 2415 angcdeutctcn
1578 2373 1737 2414 Thalsachcn
1758 2374 1825 2412 thun
1844 2373 1956 2410 werden,
1977 2374 2043 2413 steht

1130 2418 1233 2456 dahin;
1255 2416 1303 2447 wie
1325 2416 1386 2446 aber
1405 2415 1446 2446 die
1467 2413 1564 2454 Dinge
1584 2415 1687 2453 liegen,
1708 2413 1740 2450 ist
1760 2414 1833 2444 kaum
1854 2413 2042 2453 anzunehmcn,

1131 2458 1183 2496 daß
1205 2458 1246 2488 die
1267 2456 1455 2496 Regierungen
1475 2455 1529 2493 jetzt
1549 2454 1614 2491 diese
1629 2454 1713 2494 Frage
1724 2463 1755 2493 zu
1775 2453 1844 2490 lösen
1856 2454 2043 2492 unternehmen

1132 2498 1235 2535 sollten.

1192 2546 1338 2586 Wichtige,
1370 2546 1432 2576 aber
1458 2544 1642 2583 unerfreuliche
1665 2543 1832 2582 Nachrichten
1858 2544 1958 2574 werden
1991 2548 2043 2573 aus

1132 2586 1324 2625 Spanien
1357 2585 1391 2624 (s.
1413 2585 1534 2624 Tclegr.)
1568 2583 1700 2624 gemeldet.
1742 2582 1797 2614 Die
1819 2584 1961 2623 Vorgänge
1989 2583 2043 2614 und

1131 2626 1280 2666 Beschlüsse
1299 2626 1329 2656 in
1348 2626 1399 2656 den
1418 2625 1518 2656 Kortcs
1546 2624 1615 2663 nicht
1635 2624 1751 2663 weniger
1780 2625 1824 2653 als
1850 2624 1902 2654 das
1924 2623 2045 2654 Attentat

1132 2668 1179 2705 auf
1202 2667 1282 2704 Prim
1302 2665 1409 2706 zeigen,
1441 2664 1549 2703 welchen
1572 2664 1709 2702 Gefahren
1730 2663 1857 2701 Spanien
1885 2663 2045 2703 neuerdings

1133 2713 1258 2747 entgegen
1280 2707 1354 2745 geht,
1386 2706 1439 2736 und
1467 2705 1516 2736 wie
1545 2704 1630 2744 wenig
1651 2704 1691 2734 die
1712 2703 1739 2739 so
1761 2703 1875 2743 glücklich
1897 2704 2046 2742 vollzogene

1133 2746 1298 2779 Revolution
1331 2746 1470 2785 schließlich
1502 2744 1547 2775 der
1578 2744 1692 2783 Freiheit
1728 2746 1779 2773 und
1810 2742 1967 2783 Wohlfahrt
1998 2743 2045 2773 des

1133 2787 1238 2819 Landes
1259 2796 1290 2825 zu
1310 2786 1403 2817 dienen
1424 2784 1571 2824 verspricht.

1407 2940 1492 2971 Aus
1529 2937 1789 2979 Versailles.

1350 2991 1563 3026 tOrig.-Koiresp.
1584 2999 1640 3018 vom
1666 2990 1702 3018 23
1733 2990 1834 3024 Dezbr.)

1197 3039 1233 3077 G.
1254 3039 1306 3076 Ich
1339 3040 1436 3067 komme
1467 3035 1541 3075 heute
1576 3039 1659 3066 etwas
1694 3036 1777 3074 später
1808 3044 1868 3075 zum
1901 3034 2047 3074 Schreiben

1134 3079 1239 3109 meines
1269 3077 1385 3115 Briefs,
1415 3076 1483 3107 denn
1504 3075 1551 3112 seit
1573 3076 1707 3106 Stunden
1728 3075 1759 3111 ist
1778 3074 1830 3105 das
1851 3074 2048 3114 Tclcgraphcn-

1134 3118 1251 3151 Burcau
1273 3116 1442 3157 Gegenstand
1465 3115 1617 3152 besonderer
1639 3114 1887 3152 Aufmerksamkeit.,
1915 3115 2048 3147 Gencral-

1136 3157 1376 3197 StabS-Offiziere
1405 3158 1521 3186 kommen
1542 3156 1596 3186 und
1618 3156 1683 3186 eile»
1705 3155 1754 3186 mit
1775 3154 1924 3192 Depeschen
1949 3153 2048 3185 davon.

1134 3199 1196 3229 Und
1218 3199 1245 3236 so
1267 3198 1318 3228 viel
1339 3197 1406 3235 weiß
1428 3205 1501 3232 man,
1524 3195 1580 3226 eine
1601 3195 1776 3235 Schlacht
1797 3194 1829 3233 ist
1849 3194 1970 3234 zwischen
1990 3195 2048 3224 dem

1136 3237 1295 3270 Generalv.
1317 3235 1574 3273 Manteuffcl
1594 3236 1648 3266 und
1672 3235 1872 3273 Faidhcrbc
1894 3234 2048 3265 entbrannt.

1136 3278 1199 3309 Wie
1222 3279 1268 3309 der
1280 3277 1415 3316 Ausgang
1438 3275 1490 3313 sein
1512 3275 1590 3312 wird,
1606 3279 1671 3306 kann
1687 3275 1742 3306 kein
1756 3274 1864 3314 Mensch
1877 3274 1938 3313 noch
1956 3273 2049 3314 sagen;

1134 3318 1175 3348 die
1198 3318 1359 3357 Spannung
1380 3316 1413 3353 ist
1432 3316 1488 3346 eine
1508 3324 1576 3355 ganz
1596 3314 1844 3354 außerordentliche.

1197 3365 1254 3398 Die
1275 3364 1507 3404 Diplomatie
1529 3364 1606 3399 wird,
1628 3363 1677 3394 wie
1699 3363 1760 3400 nach
1772 3363 1829 3393 dem
1839 3363 1960 3403 jüngsten
1972 3362 2048 3393 Aus¬

1136 3408 1185 3445 fall
1207 3416 1259 3438 von
1282 3406 1380 3443 Paris,
1402 3404 1463 3442 auch
1486 3403 1582 3434 wieder
1602 3403 1647 3441 sich
1670 3402 1780 3438 beeilen,
1814 3412 1875 3442 mag
1896 3403 1936 3433 die
1957 3402 2047 3441 Sache

1137 3447 1273 3483 ausfallen
1295 3446 1344 3476 wie
1364 3445 1397 3482 sie
1418 3445 1484 3481 will,
1499 3444 1557 3482 ihre
1578 3450 1657 3483 gute»
1671 3442 1782 3480 Dienste
1796 3442 1960 3482 anzubiclen.
1981 3441 2046 3473 Odo

1137 3487 1230 3525 Ruffel
1251 3487 1297 3526 hat
1319 3485 1363 3523 seit
1384 3486 1421 3515 48
1434 3483 1567 3514 Stunden
1587 3484 1705 3522 zweimal
1718 3482 1837 3521 Audienz
1861 3482 1927 3513 beim
1940 3481 2046 3518 Grafen

1136 3537 1162 3557 v.
1183 3526 1327 3557 Bismarck
1347 3525 1450 3564 gehabt.
1493 3522 1733 3560 Waffenstillstand
1754 3522 1809 3553 und
1831 3521 2047 3559 Präliminarien

1136 3576 1198 3606 zum
1220 3565 1334 3604 Frieden
1355 3566 1410 3601 sind
1430 3563 1472 3594 die
1484 3563 1611 3600 Ccntrcn,
1633 3572 1679 3593 um
1701 3562 1790 3600 welche
1804 3561 1851 3600 sich
1864 3562 1941 3592 Alles
1955 3560 2045 3599 dreht;

1136 3606 1291 3646 dazwischen
1313 3606 1382 3642 läuft
1403 3605 1457 3634 eine
1478 3602 1750 3642 Beglückwünschung
1774 3601 1822 3632 des
1842 3601 1951 3641 Königs
1974 3599 2047 3631 Wil¬

1137 3646 1207 3685 helm
1229 3645 1347 3677 Seitens
1378 3645 1422 3675 der
1453 3643 1596 3682 englischen
1628 3642 1784 3682 Regierung
1806 3651 1838 3680 zu
1859 3642 1904 3672 der
1925 3650 1976 3671 von
1997 3640 2047 3670 den

1135 3686 1268 3725 deutschen
1289 3685 1400 3723 Fürsten
1421 3683 1475 3714 und
1497 3683 1579 3720 freien
1601 3682 1722 3712 Städten
1743 3682 1921 3721 angeborenen
1941 3679 2046 3716 Kaiser¬

1137 3727 1213 3757 krone
1234 3726 1285 3761 ein,
1307 3726 1366 3764 doch
1387 3729 1446 3754 was
1468 3724 1538 3760 nützt
1557 3722 1615 3752 dies
1637 3721 1732 3752 Alles!
1754 3720 1830 3758 Graf
1849 3730 1876 3751 v.
1897 3719 2045 3756 Bismarck,

1135 3765 1181 3796 der
1202 3775 1256 3797 von
1277 3766 1349 3796 einer
1369 3762 1578 3801 unermüdlichen
1590 3761 1770 3798 Arbeitskraft
1791 3760 1881 3797 beseelt
1895 3760 1937 3798 ist,
1949 3759 2045 3798 schürzt

1140 3806 1195 3837 und
1216 3807 1274 3836 löst
1294 3805 1336 3835 die
1355 3804 1470 3836 Knoten.
1511 3801 1569 3833 Die
1589 3801 1737 3840 Depeschen
1766 3800 1831 3830 über
1859 3800 1900 3830 die
1921 3799 2045 3836 Pontus-

1139 3846 1195 3876 und
1207 3844 1487 3884 Luremburgerfrage,
1509 3841 1564 3872 und
1584 3841 1739 3881 diejenigen,
1760 3840 1848 3878 welche
1863 3838 2044 3878 Deutschland

1137 3885 1178 3917 die
1205 3884 1475 3923 Weiterentwicklung
1496 3891 1528 3928 zu
1551 3881 1631 3919 seiner
1661 3880 1771 3919 Einheit
1801 3880 1956 3918 gewähren,
1988 3878 2045 3915 sind

1137 3935 1191 3956 von
1212 3925 1295 3962 seiner
1315 3924 1397 3963 Hand
1419 3923 1541 3964 rediglrt.
1575 3920 1673 3952 Weder
1693 3920 1757 3951 über
1778 3918 1992 3956 Präliminarien
2014 3927 2046 3958 zu

1136 3966 1220 3996 einem
1241 3962 1489 4002 Waffenstillstand,
1510 3962 1573 4000 noch
1594 3961 1658 3992 über
1678 3960 1757 3999 solche
1776 3968 1809 3998 zu
1829 3958 1912 3989 einem
1934 3957 2046 3996 Frieden

1136 4005 1169 4042 ist
1189 4014 1253 4036 man
1273 4004 1304 4036 in
1323 4005 1373 4035 den
1393 4002 1519 4040 Conseils
1540 4001 1628 4049 einig;
1659 4001 1721 4031 aber
1740 4000 1792 4029 das
1814 3999 1878 4038 steht
1898 3998 1958 4036 fest,
1984 4001 2045 4027 was

1136 4054 1200 4076 man
1221 4044 1283 4083 nach
1307 4044 1406 4075 Sedan
1425 4044 1569 4081 verlangte,
1601 4041 1700 4078 fordert
1730 4048 1793 4069 man
1821 4038 1883 4077 noch
1906 4038 1980 4068 beute
2001 4039 2046 4067 als

1136 4084 1250 4123 Basis
1270 4086 1332 4115 des
1354 4084 1531 4121 Friedens
1553 4080 1607 4112 und
1628 4080 1718 4119 scheint
1730 4088 1793 4110 man
1807 4079 1896 4109 davon
1909 4077 2047 4116 deutscher¬

1135 4124 1200 4163 seits
1221 4124 1322 4162 vorerst
1341 4124 1410 4163 nicht
1430 4121 1589 4163 abzugehen.

1196 4172 1265 4205 Das
1286 4171 1617 4212 Blutvergießen
1636 4169 1697 4209 geht
1716 4167 1867 4208 inzwischen
1886 4166 1932 4206 auf
1958 4165 2049 4197 beiden

1136 4214 1236 4246 Seiten
1267 4212 1457 4254 ungcschwächt
1485 4210 1583 4242 weiter.
1623 4209 1685 4241 Mit
1714 4208 1796 4248 jedem
1817 4206 1880 4247 Tag
1911 4205 1977 4237 wird
2007 4206 2050 4237 die

1135 4254 1257 4293 Zukunft
1277 4263 1332 4284 von
1341 4252 1499 4291 Hundert«
1519 4259 1573 4281 von
1583 4249 1717 4288 Familien
1738 4247 1895 4286 vernichtet;
1914 4246 1981 4292 dazu
1996 4246 2049 4277 das

1136 4292 1282 4334 wachsende
1301 4293 1400 4326 Elend.
1439 4291 1503 4323 Der
1522 4290 1646 4321 Arbeiter
1676 4288 1809 4329 hungert,
1838 4286 1884 4318 der
1905 4286 1998 4324 Reiche
2019 4286 2051 4325 ist

1136 4336 1200 4372 fort,
1222 4333 1277 4366 und
1297 4333 1343 4364 der
1362 4330 1544 4370 Mittelstand,
1554 4330 1601 4361 der
1619 4328 1689 4369 nicht
1707 4328 1749 4361 die
1761 4326 1938 4367 ausgiebigen
1951 4325 2051 4357 Mittel

1136 4373 1229 4412 besitzt,
1250 4372 1284 4411 ist
1303 4372 1385 4404 allein
1405 4371 1474 4412 nicht
1493 4370 1524 4401 in
1543 4369 1588 4401 der
1600 4368 1679 4409 Lage,
1698 4367 1740 4401 die
1760 4367 1863 4399 Arm«
1882 4365 2050 4403 unterstütz«

2664 731 2785 809 M
2818 744 2951 811 874

2096 858 2128 889 zu
2149 849 2259 880 können.
2288 850 2400 888 Gesten»
2423 851 2512 882 wurde
2532 852 2574 882 ein
2596 851 2774 883 verwundeter
2795 850 2938 889 Deutscher
2951 850 3010 891 hier

2097 889 2266 929 eingebracht,
2277 889 2334 920 dem
2349 889 2389 922 die
2404 890 2492 921 beiden
2504 891 2697 924 Extremitäten
2709 891 2892 931 zerschmettert
2904 900 3011 930 waren;

2097 929 2141 960 der
2162 929 2243 960 Arme
2263 930 2399 968 jammerte
2420 930 2481 969 nach
2504 931 2597 968 seinem
2613 930 2692 962 Weib
2714 931 2768 962 und
2789 931 2876 969 seinen
2889 930 3009 962 Kindern

2098 969 2151 1000 und
2173 969 2272 1010 fragte:
2315 969 2402 1007 „Wer
2433 970 2501 1001 wird
2532 981 2590 1002 nun
2621 971 2705 1002 meine
2735 980 2826 1002 armen
2846 970 2949 1003 Kinder
2968 980 3008 1002 er¬

2097 1009 2221 1049 nähren?
2236 1033 2244 1040 .
2259 1012 2306 1040 .."
2350 1009 2419 1042 Das
2440 1010 2549 1049 härteste
2567 1011 2639 1050 Herz
2669 1011 2737 1042 kann
2765 1021 2800 1042 an
2821 1011 2893 1042 einer
2911 1010 3011 1050 solchen

2099 1049 2190 1080 Scene
2210 1049 2277 1087 nicht
2298 1050 2467 1091 gleichgültig
2487 1050 2695 1092 vorübergehen,
2725 1051 2779 1081 und
2801 1051 2863 1089 auch
2887 1050 2962 1089 Graf
2980 1061 3009 1082 v.

2097 1088 2238 1121 Bismarck
2258 1089 2372 1129 ignorirt
2395 1090 2429 1127 sie
2449 1090 2525 1129 nicht.
2548 1090 2610 1122 Der
2629 1090 2730 1137 König,
2752 1091 2856 1129 welcher
2877 1091 2927 1121 ein.
2944 1094 3011 1126 zart¬

2099 1129 2237 1168 fühlendes
2258 1129 2326 1170 Herz
2349 1130 2404 1169 hat,
2417 1130 2514 1168 besucht
2535 1131 2627 1171 häufig
2647 1131 2689 1161 die
2709 1131 2848 1168 Lararethe
2870 1131 2922 1161 und
2938 1126 3010 1171 Spi¬

2098 1172 2165 1200 täler
2185 1169 2238 1200 und
2259 1170 2346 1208 richtet
2361 1168 2457 1201 Worte
2476 1170 2523 1201 des
2539 1170 2649 1207 Trostes
2671 1171 2725 1201 und
2746 1176 2790 1202 der
2805 1169 3011 1210 Ermuthigung

2099 1219 2133 1240 an
2154 1209 2195 1240 die
2216 1219 2308 1240 arnicn
2328 1209 2474 1248 Blessirten
2493 1211 2547 1241 und
2568 1210 2649 1241 belebt
2672 1210 2728 1249 ihre
2747 1210 2944 1250 Hoffnungen,
2974 1210 3011 1241 da

2099 1260 2126 1280 er
2146 1250 2180 1286 sie
2199 1259 2245 1280 um
2266 1249 2498 1287 Familicndetails
2518 1251 2630 1291 befragt.
2671 1250 2743 1281 Aber
2772 1254 2833 1281 was
2863 1252 2953 1288 nützen
2972 1250 3012 1280 all

2099 1289 2164 1326 diese
2186 1289 2431 1330 Samaritcrgänge
2451 1291 2506 1321 und
2527 1290 2656 1328 Dienste,
2686 1300 2761 1321 wenn
2792 1300 2855 1321 man
2884 1290 2951 1328 nicht
2969 1290 3012 1320 die

2100 1323 2208 1369 Ursache
2238 1330 2274 1360 all
2299 1329 2380 1366 dieses
2403 1331 2508 1361 Elends
2530 1330 2654 1370 aufhcbt,
2687 1331 2727 1361 die
2747 1329 2847 1361 Quelle
2880 1330 3012 1367 desselben

2100 1369 2177 1409 durch
2197 1370 2246 1400 dcn
2268 1369 2376 1406 Frieden
2399 1370 2545 1408 verstopft?
2587 1370 2659 1401 Nur'
2669 1370 2818 1409 derjenige,
2846 1369 2952 1408 welcher
2970 1369 3012 1400 die

2100 1410 2163 1446 Ufer
2184 1410 2228 1440 der
2250 1409 2324 1441 Loire
2345 1409 2397 1441 und
2420 1410 2460 1440 die
2481 1409 2638 1450 Umgebung
2660 1419 2713 1441 von
2735 1409 2823 1445 Paris
2845 1409 2942 1446 kennt,
2969 1408 3012 1440 dir

2101 1449 2251 1489 Schönheit
2281 1450 2325 1480 der
2357 1450 2491 1489 lachenden
2514 1450 2623 1485 Gefilde
2652 1450 2702 1479 mit
2728 1450 2833 1490 eigenen
2855 1449 2951 1489 Augen
2970 1459 3012 1489 ge¬

2101 1490 2195 1529 schaut,
2218 1490 2294 1527 weiß,
2316 1495 2374 1521 was
2397 1494 2427 1520 cs
2448 1490 2529 1529 heißt,
2551 1499 2626 1521 wenn
2646 1490 2683 1529 ich
2705 1490 2827 1528 schreibe:
2870 1488 2939 1525 Da,
2969 1498 3012 1520 wo

2101 1530 2215 1561 Arineen
2236 1539 2355 1570 gezogen,
2378 1530 2410 1567 ist
2431 1530 2471 1560 die
2492 1530 2605 1569 Gegend
2627 1529 2824 1569 ausgestorben,
2838 1529 2880 1560 die
2894 1528 3011 1560 Stätten

2100 1571 2146 1601 des
2170 1569 2360 1608 Wohlstandes
2381 1569 2438 1607 sind
2460 1570 2574 1609 zerstört,
2590 1570 2631 1600 die
2644 1569 2738 1606 Felder
2760 1570 2815 1606 sind
2834 1568 2902 1608 nicht
2916 1568 3014 1607 bestellt

2101 1611 2155 1640 und
2186 1610 2235 1640 mit
2265 1610 2322 1640 dem
2353 1609 2466 1648 Frieden
2497 1611 2594 1640 kommt
2624 1610 2668 1639 der
2698 1609 2811 1649 Hunger
2843 1609 2908 1639 über
2940 1608 3014 1639 weite

2102 1650 2241 1687 Distrikte.

2161 1699 2219 1732 Die
2240 1699 2426 1738 Einberufung
2446 1699 2517 1730 einer
2535 1698 2839 1736 Konstituante,
2860 1697 2939 1728 deren
2959 1697 3015 1728 Be¬

2103 1740 2203 1780 schlüsse
2225 1740 2306 1770 einem
2328 1739 2463 1778 Plebiszit
2493 1741 2555 1778 noch
2582 1739 2760 1776 unterworfen
2790 1738 2893 1768 werden
2923 1737 3014 1774 sollen,

2104 1780 2184 1817 findet
2204 1780 2353 1819 inzwischen
2375 1780 2469 1809 immer
2489 1780 2563 1818 mehr
2594 1781 2648 1809 und
2668 1779 2742 1816 mehr
2763 1778 2929 1817 Anhänger,
2959 1776 3014 1807 und

2103 1820 2165 1859 auch
2187 1820 2225 1849 im
2246 1818 2487 1859 Gencralquartier
2508 1819 2540 1858 ist
2560 1828 2624 1849 man
2643 1819 2689 1849 der
2709 1818 2798 1857 Sache
2818 1818 2886 1856 nicht
2906 1817 2933 1854 so
2948 1826 3015 1856 ganz

2104 1860 2249 1900 abgeneigt.
2297 1859 2353 1890 Die
2383 1858 2547 1897 Pessimisten
2578 1860 2650 1898 legen
2683 1858 2765 1896 jedoch
2798 1857 2886 1888 keinen
2918 1856 3014 1895 Werth

2103 1900 2198 1937 darauf
2219 1900 2271 1930 und
2293 1899 2324 1936 sie
2340 1900 2494 1938 behaupten,
2516 1899 2579 1936 daß,
2602 1907 2679 1928 wenn
2701 1899 2761 1936 auch
2777 1897 2864 1933 Paris
2880 1897 2942 1933 falle
2960 1896 3014 1927 und

2104 1940 2144 1971 die
2164 1939 2299 1970 nationale
2328 1939 2491 1978 Vertretung
2519 1939 2566 1977 sich
2587 1939 2631 1976 für
2650 1937 2700 1968 den
2721 1937 2833 1974 Frieden
2854 1936 3015 1975 ausspreche,

2105 1981 2155 2011 das
2186 1980 2255 2010 Volk
2286 1980 2359 2016 selbst
2392 1978 2429 2009 im
2451 1978 2584 2018 Plebiszit
2616 1977 2685 2015 nicht
2714 1977 2764 2007 mit
2796 1976 2873 2014 „Ja"
2896 1977 3016 2013 stimmen

2105 2019 2196 2051 werde.
2238 2019 2396 2059 Allerdings
2418 2019 2503 2056 dürfte
2523 2022 2552 2048 es
2575 2018 2665 2057 schwer
2687 2017 2749 2054 sein,
2770 2017 2815 2055 auf
2835 2015 3018 2054 französischer

2106 2060 2186 2091 Seite
2199 2059 2240 2090 die
2252 2058 2324 2099 Ehre
2345 2069 2375 2099 zu
2397 2062 2478 2088 retten
2498 2058 2551 2088 und
2572 2059 2618 2095 auf
2637 2056 2797 2096 preußischer
2819 2057 2865 2087 der
2888 2055 3016 2092 Träume,

2105 2100 2189 2137 Elsaß
2221 2101 2276 2130 und
2306 2098 2467 2138 Lothringen
2498 2107 2531 2137 zu
2562 2098 2684 2135 besitzen,
2716 2096 2763 2135 sich
2787 2105 2820 2136 zu
2844 2095 3015 2134 entschlagen.

2103 2140 2155 2178 Ich
2178 2140 2286 2177 fürchte,
2307 2140 2359 2178 daß
2381 2139 2427 2169 der
2447 2137 2547 2175 Kampf
2567 2137 2614 2176 sich
2634 2137 2696 2175 noch
2718 2137 2793 2167 einen
2814 2136 2914 2176 großen
2936 2134 3016 2174 Theil

2104 2181 2152 2211 des
2175 2180 2291 2217 nächsten
2309 2180 2417 2217 Jahres
2443 2178 2578 2217 hinziehen
2609 2176 2696 2215 wird;
2728 2177 2782 2207 und
2812 2176 2852 2206 Die
2884 2174 3017 2212 Männer,

2105 2220 2194 2259 welche
2216 2220 2368 2258 Frankreich
2389 2218 2473 2255 diesen
2494 2218 2548 2256 jetzt
2568 2227 2600 2257 zu
2621 2217 2695 2262 Tage
2716 2216 2846 2247 tretenden
2862 2214 2948 2254 Muth
2968 2214 3017 2245 des

2106 2259 2306 2297 Widerstandes
2338 2259 2524 2299 cingchaucht,
2555 2257 2622 2288 wird
2652 2258 2693 2287 die
2714 2255 2861 2294 Geschichte
2891 2254 2935 2285 nie
2960 2264 3019 2285 ver¬

2106 2300 2274 2342 gessen....^,..
2428 2326 2434 2332 .
2748 2333 2900 2342 ___

2164 2348 2288 2387 Obschon
2308 2349 2349 2379 die
2369 2347 2531 2386 Mitglieder
2551 2348 2597 2377 der
2609 2344 2857 2384 Kaiscrdeputation
2872 2342 3017 2379 Versailles

2105 2388 2241 2426 verlassen,
2261 2388 2289 2424 so
2309 2388 2405 2428 glaube
2425 2387 2461 2426 ich
2473 2386 2571 2424 Ihnen
2589 2385 2648 2423 doch
2671 2384 2732 2424 noch
2755 2384 2810 2414 eine
2830 2383 3020 2423 merkwürdige

2107 2428 2232 2459 Antwort
2258 2428 2305 2459 des
2327 2427 2436 2465 Grafen
2460 2436 2486 2457 v.
2508 2425 2647 2457 Bismarck
2669 2425 2714 2461 auf
2734 2424 2790 2455 eine
2810 2423 2897 2462 Frage
2918 2422 3019 2462 einiger

2107 2467 2476 2508 Dcputattons-Mitglicder,
2491 2475 2597 2496 warum
2610 2463 2661 2496 das
2683 2463 3019 2495 Bombardement

2106 2518 2158 2539 von
2180 2507 2267 2544 Paris
2288 2508 2350 2547 noch
2370 2506 2441 2546 nicht
2454 2507 2600 2546 begonnen,
2621 2504 2767 2544 mittheilcn
2782 2512 2813 2542 zu
2827 2503 2919 2541 sollen.
2942 2501 3019 2540 Graf

2106 2559 2131 2579 v.
2154 2548 2293 2579 Bismarck
2314 2548 2363 2585 soll
2376 2550 2550 2587 geantwortet
2564 2546 2668 2585 haben:
2692 2543 2754 2582 „Es
2769 2544 2825 2584 gibt
2839 2541 3020 2581 Gcheiinnisie

2106 2588 2135 2619 in
2156 2588 2200 2619 der
2221 2587 2391 2627 Diplomatie
2413 2587 2465 2617 und
2488 2586 2516 2616 in
2537 2585 2582 2616 der
2604 2584 2765 2624 Strategie,
2796 2583 2836 2614 die
2868 2592 2931 2612 man
2950 2582 3019 2620 nicht

2106 2629 2167 2667 eher
2186 2628 2296 2659 bekannt
2316 2637 2350 2667 zu
2370 2626 2475 2666 machen
2494 2626 2608 2661 beliebt,
2638 2625 2684 2654 als
2715 2625 2744 2654 in
2773 2623 2832 2653 dem
2860 2621 3022 2662 günstigsten

2108 2668 2272 2709 Augenblick.
2294 2667 2352 2699 Die
2373 2666 2516 2703 Männer,
2538 2657 2627 2704 welche
2648 2673 2685 2695 an
2704 2664 2749 2695 der
2770 2663 2865 2702 Spitze
2884 2662 2929 2692 der
2949 2661 3022 2692 mili¬

2108 2709 2232 2748 tärischen
2252 2707 2406 2746 Operation
2428 2706 2522 2746 stehen,
2544 2706 2638 2736 kennen
2661 2704 2706 2742 auf
2726 2704 2777 2734 das
2799 2702 2947 2740 Genaueste
2965 2701 3018 2731 das

2108 2749 2168 2785 Pro
2188 2748 2242 2779 und
2265 2748 2378 2780 Contra.
2421 2745 2563 2784 Dieselben
2596 2744 2679 2784 haben
2710 2744 2754 2775 bis
2784 2744 2838 2782 jetzt
2870 2742 2909 2772 die
2937 2741 3024 2780 besten

2109 2788 2227 2824 Beweise
2248 2788 2362 2828 geliefert
2388 2787 2442 2817 und
2464 2786 2565 2817 werden
2591 2784 2729 2824 jedenfalls
2752 2784 2801 2814 alle
2822 2782 3021 2823 Erwartungen

2108 2828 2251 2865 rcalisiren.
2293 2827 2424 2860 Geduld!
2456 2826 2521 2857 Wir
2545 2825 2602 2863 sind
2632 2824 2693 2863 noch
2725 2823 2793 2862 nicht
2823 2832 2868 2853 am
2899 2822 3022 2860 Schluffe

2109 2869 2217 2906 unseres
2239 2867 2465 2907 Unternehmens!
2487 2865 2549 2897 Der
2569 2864 2697 2897 Eindruck
2717 2864 2746 2894 in
2760 2863 2905 2901 Versailles
2922 2862 2953 2900 ist
2965 2863 3021 2899 der,

2109 2909 2161 2948 daß
2182 2908 2223 2939 die
2244 2908 2419 2948 Belagerung
2440 2906 2493 2943 von
2515 2906 2639 2943 Paris
2662 2904 2707 2943 sich
2729 2904 2862 2943 höchstens
2878 2902 2923 2933 bis
2935 2901 3021 2933 Mitte

2108 2949 2221 2987 Januar
2242 2948 2377 2988 hinziehen
2399 2947 2474 2977 wird.
2516 2946 2683 2985 Ucberhaupt
2713 2944 2771 2983 läßt
2800 2943 2845 2981 sich
2875 2942 2964 2980 schwer
2986 2945 3022 2972 et¬

2110 2993 2170 3019 was
2192 2988 2284 3029 sagen,
2305 2989 2427 3027 nachdem
2457 2987 2529 3025 jeden
2550 2986 2612 3024 Tag
2643 2984 2699 3014 eine
2729 2992 2794 3014 neue
2814 2982 2927 3019 Version
2957 2982 3023 3013 über

2109 3029 2150 3059 die
2171 3028 2433 3068 Verproviantirung
2454 3028 2498 3057 der
2520 3025 2608 3056 Stadt
2628 3024 2666 3054 im
2687 3023 2796 3060 Umlauf
2817 3023 2858 3061 ist.

2168 3078 2214 3117 In
2233 3076 2446 3117 diplomatischen
2464 3074 2573 3112 Kreisen
2593 3073 2729 3112 unterhält
2740 3081 2803 3102 man
2816 3070 2864 3109 sich
2885 3071 2949 3102 über
2967 3070 3022 3101 das

2111 3118 2263 3157 Eintreffen
2284 3118 2326 3148 der
2349 3118 2473 3148 Antwort
2488 3113 2532 3145 der
2552 3113 2843 3151 Luxemburger
2865 3110 3019 3150 Regierung

2111 3160 2159 3197 auf
2179 3158 2219 3189 die
2241 3158 2311 3189 Note
2341 3158 2388 3188 des
2421 3155 2526 3193 Grafen
2546 3164 2572 3185 v.
2594 3152 2752 3191 Bismarck;
2784 3151 2855 3189 Hexr
2887 3150 3022 3187 Scrvais,

2112 3198 2353 3238 großhcrzoglicher
2373 3195 2511 3232 Minister,
2533 3193 2581 3231 soll
2601 3193 2629 3224 in
2650 3192 2743 3229 diesem
2763 3190 2910 3226 Aktenstück
2931 3190 3022 3227 Punkt

2111 3240 2155 3276 für
2177 3238 2267 3274 Punkt
2296 3238 2336 3268 die
2366 3235 2512 3276 preußiichc
2544 3234 2614 3264 Note
2644 3231 2808 3270 widerlegen.
2851 3229 2948 3265 Einige
2980 3229 3023 3260 be¬

2112 3279 2244 3317 haupten,
2275 3277 2326 3315 daß
2347 3285 2411 3307 man
2432 3274 2558 3313 deutscher
2580 3272 2663 3304 Seits
2691 3272 2752 3310 noch
2774 3270 2842 3309 nicht
2864 3270 2891 3300 in
2913 3268 3023 3302 Luxem¬

2110 3320 2180 3359 burg
2201 3317 2349 3353 cinrücken,
2378 3314 2463 3354 jedoch
2494 3314 2536 3343 die
2563 3312 2669 3351 Grenze
2699 3311 2805 3348 besetzen
2835 3309 2928 3340 werde.
2966 3309 3021 3348 Jäh

2112 3360 2178 3389 kann
2201 3357 2256 3387 Sic
2276 3356 2434 3394 versichern,
2465 3353 2517 3391 daß
2549 3352 2634 3391 nichts
2657 3351 2685 3381 in
2705 3350 2785 3386 dieser
2815 3348 3024 3389 Angelegenheit

2111 3397 2172 3437 noch
2194 3397 2321 3435 bestimmt
2342 3396 2392 3434 ist;
2414 3393 2552 3432 jedenfalls
2575 3400 2649 3422 wenn
2672 3394 2700 3420 es
2716 3390 2762 3429 sich
2783 3390 2898 3429 zuträgt,
2922 3388 3023 3427 erfährt

2110 3447 2174 3468 man
2194 3440 2223 3467 cs
2245 3436 2288 3466 als
2311 3433 2529 3472 Ucberraschung.

2170 3485 2221 3516 Am
2243 3485 2347 3515 Abende
2368 3483 2416 3522 hat
2437 3482 2482 3520 sich
2504 3479 2695 3519 das.Gerücht
2715 3475 2872 3514 verbreitet,
2891 3475 3021 3514 Jules

2110 3526 2234 3563 Favre
2256 3524 2320 3563 habe
2342 3524 2410 3554 beim
2431 3520 2642 3560 Hauptquartier
2665 3519 2739 3548 einen
2766 3510 2942 3555 Geleitjchein
2962 3525 3021 3547 ver¬

2110 3567 2204 3605 langt,
2230 3574 2274 3594 um
2295 3564 2341 3601 sich
2363 3562 2426 3601 nach
2447 3561 2591 3591 Bordeaux
2620 3567 2651 3606 zu
2672 3557 2757 3594 seinen
2776 3556 2907 3596 Kollegen
2929 3565 2959 3595 zu
2978 3556 3023 3586 be¬

2109 3606 2187 3645 geben
2218 3604 2271 3634 und
2303 3604 2352 3633 mit
2373 3601 2454 3641 ihnen
2475 3609 2506 3640 zu
2532 3599 2695 3637 conseriren;
2726 3597 2808 3633 dieses
2841 3595 2959 3634 Gerücht
2980 3595 3023 3626 be¬

2110 3646 2197 3684 stätigt
2219 3644 2264 3682 sich
2286 3644 2347 3674 aber
2366 3641 2444 3681 nicht.
2486 3640 2560 3671 Man
2582 3640 2654 3679 fügte
2676 3637 2723 3674 bei,
2746 3637 2797 3675 daß
2818 3635 2898 3672 dieser
2914 3634 3024 3672 Schritt

2109 3694 2162 3715 von
2181 3683 2266 3721 Jules
2288 3683 2374 3720 Favre
2397 3681 2425 3712 in
2445 3680 2600 3719 Beziehung
2620 3678 2666 3714 auf
2686 3677 2761 3707 einen
2781 3674 3023 3714 Waffenstillstand

2108 3725 2162 3755 und
2182 3724 2222 3754 die
2243 3722 2360 3762 Wahlen
2381 3729 2430 3761 zur
2449 3719 2633 3756 Konstituante
2654 3716 2752 3755 stünde.

2340 3849 2800 3906 Eidgenoffenschaft.

2171 3955 2374 3994 Postwesen.
2417 3953 2489 3991 Nach
2510 3951 2582 3982 einer
2602 3948 2782 3988 Mitthcilung
2802 3947 2848 3978 der
2871 3945 3024 3985 „Schweiz.

2109 3997 2304 4036 Handelsztg."
2328 3999 2381 4025 aus
2412 3994 2470 4023 dem
2492 3990 2676 4031 „preußischen
2706 3986 2950 4026 Staatsanzeiger"
2967 3985 3024 4026 (!)

2112 4039 2214 4068 können
2234 4044 2295 4066 vom
2312 4037 2338 4066 1.
2352 4034 2466 4072 Januar
2486 4041 2521 4062 an
2535 4030 2577 4061 die
2597 4028 2706 4068 schwciz.
2719 4026 3026 4066 Korrespondenzkarten

2112 4077 2175 4116 auch
2197 4076 2235 4106 im
2248 4075 2363 4114 Verkehr
2384 4073 2434 4104 mit
2449 4068 2701 4107 Norddeutschland,
2716 4069 2779 4098 aber
2798 4076 2854 4098 nur
2873 4074 2922 4106 zur
2936 4065 3026 4096 vollen

2112 4116 2251 4154 Brieftare
2280 4113 2424 4146 verwendet
2455 4111 2577 4149 werden;
2611 4108 2653 4140 die
2683 4105 2943 4139 Rekommandation
2978 4104 3025 4135 der

2112 4157 2214 4188 Karten
2234 4155 2266 4193 ist
2284 4154 2406 4194 zuläßig.
2445 4150 2502 4182 Die
2522 4149 2709 4188 Beförderung
2737 4147 2782 4179 der
2808 4145 2940 4185 einfachen
2968 4143 3026 4175 und

2112 4195 2349 4228 rekommandirten
2361 4192 2463 4225 Kartm
2477 4189 2643 4225 unterbleibt,
2660 4197 2737 4218 wenn
2752 4186 2879 4224 dieselben
2893 4185 2959 4224 nicht
2972 4183 3027 4215 mit

2113 4237 2230 4268 Marken
2260 4235 2298 4265 im
2327 4234 2417 4264 vollen
2435 4231 2554 4270 Betrage
2583 4229 2629 4260 der
2654 4227 2876 4266 Brieffrankatur
2903 4223 3029 4263 versehe»

2115 4276 2181 4314 sind.
2757 4284 2763 4297 >
