<?xml version="1.0" encoding="UTF-8" standalone="yes"?>
<PcGts xmlns="http://schema.primaresearch.org/PAGE/gts/pagecontent/2013-07-15" xmlns:xsi="http://www.w3.org/2001/XMLSchema-instance" xsi:schemaLocation="http://schema.primaresearch.org/PAGE/gts/pagecontent/2013-07-15 http://schema.primaresearch.org/PAGE/gts/pagecontent/2013-07-15/pagecontent.xsd">
    <Metadata>
        <Creator></Creator>
        <Created>2018-01-18T19:39:42.394+01:00</Created>
        <LastChange>2018-01-18T19:46:11.480+01:00</LastChange>
        <Comments>
                Measurement unit: pixel
                PrimaryLanguage: German
                Language: GermanStandard
                Producer: ABBYY FineReader Engine 11</Comments>
    </Metadata>
    <Page imageFilename="1199944.tif" imageWidth="2065" imageHeight="2480">
        <PrintSpace>
            <Coords points="0,0 2065,0 2065,2480 0,2480"/>
        </PrintSpace>
        <ReadingOrder>
            <OrderedGroup id="ro_1516611235543" caption="Regions reading order">
                <RegionRefIndexed index="1" regionRef="r_2_1"/>
                <RegionRefIndexed index="2" regionRef="r_3_1"/>
                <RegionRefIndexed index="3" regionRef="r_4_1"/>
                <RegionRefIndexed index="4" regionRef="r_5_1"/>
                <RegionRefIndexed index="5" regionRef="r_5_2"/>
                <RegionRefIndexed index="6" regionRef="r_5_3"/>
                <RegionRefIndexed index="7" regionRef="r_6_1"/>
                <RegionRefIndexed index="8" regionRef="r_6_2"/>
                <RegionRefIndexed index="9" regionRef="r_6_3"/>
                <RegionRefIndexed index="10" regionRef="r_6_4"/>
                <RegionRefIndexed index="11" regionRef="r_6_5"/>
                <RegionRefIndexed index="12" regionRef="r_6_6"/>
                <RegionRefIndexed index="13" regionRef="r_6_7"/>
                <RegionRefIndexed index="14" regionRef="r_6_8"/>
                <RegionRefIndexed index="15" regionRef="r_6_9"/>
                <RegionRefIndexed index="16" regionRef="r_6_10"/>
                <RegionRefIndexed index="17" regionRef="r_6_11"/>
                <RegionRefIndexed index="18" regionRef="r_6_12"/>
                <RegionRefIndexed index="19" regionRef="r_6_13"/>
                <RegionRefIndexed index="20" regionRef="r_6_14"/>
                <RegionRefIndexed index="21" regionRef="r_6_15"/>
                <RegionRefIndexed index="22" regionRef="r_6_16"/>
                <RegionRefIndexed index="23" regionRef="r_6_17"/>
            </OrderedGroup>
        </ReadingOrder>
        <GraphicRegion id="r_1" custom="readingOrder {index:0;}">
            <Coords points="511,0 2065,0 2065,747 511,747"/>
        </GraphicRegion>
        <TextRegion type="paragraph" id="r_2_1" custom="readingOrder {index:1;}">
            <Coords points="124,327 630,327 630,475 124,475"/>
            <TextLine id="tl_1" primaryLanguage="German" custom="readingOrder {index:0;}">
                <Coords points="125,328 629,328 629,474 125,474"/>
                <Baseline points="125,457 629,457"/>
                <Word id="w_w1aab1b3b2b1b1ab1" language="German" custom="readingOrder {index:0;}">
                    <Coords points="125,336 209,336 209,473 125,473"/>
                    <TextEquiv>
                        <Unicode>3</Unicode>
                    </TextEquiv>
                    <TextStyle fontFamily="Arial" fontSize="47.0"/>
                </Word>
                <Word id="w_w1aab1b3b2b1b1ab5" language="German" custom="readingOrder {index:1;}">
                    <Coords points="241,329 629,329 629,457 241,457"/>
                    <TextEquiv>
                        <Unicode>ürKer</Unicode>
                    </TextEquiv>
                    <TextStyle fontFamily="Arial" fontSize="47.0"/>
                </Word>
                <TextEquiv>
                    <Unicode>3 ürKer</Unicode>
                </TextEquiv>
                <TextStyle fontFamily="Arial" fontSize="47.0"/>
            </TextLine>
            <TextEquiv>
                <Unicode>3 ürKer</Unicode>
            </TextEquiv>
        </TextRegion>
        <TextRegion type="paragraph" id="r_3_1" custom="readingOrder {index:2;}">
            <Coords points="115,637 979,637 979,683 115,683"/>
            <TextLine id="tl_2" primaryLanguage="German" custom="readingOrder {index:0;}">
                <Coords points="116,638 978,638 978,682 116,682"/>
                <Baseline points="116,678 978,678"/>
                <Word id="w_w1aab1b5b2b1b1ab1" language="German" custom="readingOrder {index:0;}">
                    <Coords points="116,644 242,644 242,675 116,675"/>
                    <TextEquiv>
                        <Unicode>Gedruckt</Unicode>
                    </TextEquiv>
                    <TextStyle fontFamily="Arial" fontSize="8.5"/>
                </Word>
                <Word id="w_w1aab1b5b2b1b1ac19" language="German" custom="readingOrder {index:1;}">
                    <Coords points="256,646 308,646 308,674 256,674"/>
                    <TextEquiv>
                        <Unicode>und</Unicode>
                    </TextEquiv>
                    <TextStyle fontFamily="Arial" fontSize="8.5"/>
                </Word>
                <Word id="w_w1aab1b5b2b1b1ac27" language="German" custom="readingOrder {index:2;}">
                    <Coords points="321,653 349,653 349,678 321,678"/>
                    <TextEquiv>
                        <Unicode>zu</Unicode>
                    </TextEquiv>
                    <TextStyle fontFamily="Arial" fontSize="8.5"/>
                </Word>
                <Word id="w_w1aab1b5b2b1b1ac33" language="German" custom="readingOrder {index:3;}">
                    <Coords points="364,645 449,645 449,680 364,680"/>
                    <TextEquiv>
                        <Unicode>finden</Unicode>
                    </TextEquiv>
                    <TextStyle fontFamily="Arial" fontSize="8.5"/>
                </Word>
                <Word id="w_w1aab1b5b2b1b1ac47" language="German" custom="readingOrder {index:4;}">
                    <Coords points="464,644 493,644 493,674 464,674"/>
                    <TextEquiv>
                        <Unicode>in</Unicode>
                    </TextEquiv>
                    <TextStyle fontFamily="Arial" fontSize="8.5"/>
                </Word>
                <Word id="w_w1aab1b5b2b1b1ac53" language="German" custom="readingOrder {index:5;}">
                    <Coords points="509,645 553,645 553,674 509,674"/>
                    <TextEquiv>
                        <Unicode>der</Unicode>
                    </TextEquiv>
                    <TextStyle fontFamily="Arial" fontSize="8.5"/>
                </Word>
                <Word id="w_w1aab1b5b2b1b1ac61" language="German" custom="readingOrder {index:6;}">
                    <Coords points="568,645 776,645 776,678 568,678"/>
                    <TextEquiv>
                        <Unicode>Buchhandlung</Unicode>
                    </TextEquiv>
                    <TextStyle fontFamily="Arial" fontSize="8.5"/>
                </Word>
                <Word id="w_w1aab1b5b2b1b1ac87" language="German" custom="readingOrder {index:7;}">
                    <Coords points="798,649 846,649 846,671 798,671"/>
                    <TextEquiv>
                        <Unicode>von</Unicode>
                    </TextEquiv>
                    <TextStyle fontFamily="Arial" fontSize="8.5"/>
                </Word>
                <Word id="w_w1aab1b5b2b1b1ac95" language="German" custom="readingOrder {index:8;}">
                    <Coords points="866,641 978,641 978,673 866,673"/>
                    <TextEquiv>
                        <Unicode>Orell,</Unicode>
                    </TextEquiv>
                    <TextStyle fontFamily="Arial" fontSize="8.5"/>
                </Word>
                <TextEquiv>
                    <Unicode>Gedruckt und zu finden in der Buchhandlung von Orell,</Unicode>
                </TextEquiv>
                <TextStyle fontFamily="Arial" fontSize="8.5"/>
            </TextLine>
            <TextEquiv>
                <Unicode>Gedruckt und zu finden in der Buchhandlung von Orell,</Unicode>
            </TextEquiv>
        </TextRegion>
        <TextRegion type="paragraph" id="r_4_1" custom="readingOrder {index:3;}">
            <Coords points="157,732 1927,732 1927,854 157,854"/>
            <TextLine id="tl_3" primaryLanguage="German" custom="readingOrder {index:0;}">
                <Coords points="158,733 1926,733 1926,777 158,777"/>
                <Baseline points="158,770 1926,770"/>
                <Word id="w_w1aab1b7b2b1b1ab1" language="German" custom="readingOrder {index:0;}">
                    <Coords points="158,735 270,735 270,770 158,770"/>
                    <TextEquiv>
                        <Unicode>Lürkey.</Unicode>
                    </TextEquiv>
                    <TextStyle fontFamily="Arial" fontSize="8.5"/>
                </Word>
                <Word id="w_w1aab1b7b2b1b1ac17" language="German" custom="readingOrder {index:1;}">
                    <Coords points="310,740 384,740 384,772 310,772"/>
                    <TextEquiv>
                        <Unicode>(stete</Unicode>
                    </TextEquiv>
                    <TextStyle fontFamily="Arial" fontSize="8.5"/>
                </Word>
                <Word id="w_w1aab1b7b2b1b1ac31" language="German" custom="readingOrder {index:2;}">
                    <Coords points="398,738 615,738 615,772 398,772"/>
                    <TextEquiv>
                        <Unicode>Widersprüche).</Unicode>
                    </TextEquiv>
                    <TextStyle fontFamily="Arial" fontSize="8.5"/>
                </Word>
                <Word id="w_w1aab1b7b2b1b1ac61" language="German" custom="readingOrder {index:3;}">
                    <Coords points="656,739 798,739 798,768 656,768"/>
                    <TextEquiv>
                        <Unicode>Schweden</Unicode>
                    </TextEquiv>
                    <TextStyle fontFamily="Arial" fontSize="8.5"/>
                </Word>
                <Word id="w_w1aab1b7b2b1b1ac79" language="German" custom="readingOrder {index:4;}">
                    <Coords points="813,737 1037,737 1037,771 813,771"/>
                    <TextEquiv>
                        <Unicode>(wahrscheinliche</Unicode>
                    </TextEquiv>
                    <TextStyle fontFamily="Arial" fontSize="8.5"/>
                </Word>
                <Word id="w_w1aab1b7b2b1b1ad113" language="German" custom="readingOrder {index:5;}">
                    <Coords points="1052,737 1187,737 1187,770 1052,770"/>
                    <TextEquiv>
                        <Unicode>Erhebung</Unicode>
                    </TextEquiv>
                    <TextStyle fontFamily="Arial" fontSize="8.5"/>
                </Word>
                <Word id="w_w1aab1b7b2b1b1ad131" language="German" custom="readingOrder {index:6;}">
                    <Coords points="1201,738 1245,738 1245,766 1201,766"/>
                    <TextEquiv>
                        <Unicode>des</Unicode>
                    </TextEquiv>
                    <TextStyle fontFamily="Arial" fontSize="8.5"/>
                </Word>
                <Word id="w_w1aab1b7b2b1b1ad139" language="German" custom="readingOrder {index:7;}">
                    <Coords points="1260,739 1293,739 1293,773 1260,773"/>
                    <TextEquiv>
                        <Unicode>H.</Unicode>
                    </TextEquiv>
                    <TextStyle fontFamily="Arial" fontSize="8.5"/>
                </Word>
                <Word id="w_w1aab1b7b2b1b1ad145" language="German" custom="readingOrder {index:8;}">
                    <Coords points="1306,740 1462,740 1462,771 1306,771"/>
                    <TextEquiv>
                        <Unicode>Marschalls</Unicode>
                    </TextEquiv>
                    <TextStyle fontFamily="Arial" fontSize="8.5"/>
                </Word>
                <Word id="w_w1aab1b7b2b1b1ad167" language="German" custom="readingOrder {index:9;}">
                    <Coords points="1476,741 1639,741 1639,771 1476,771"/>
                    <TextEquiv>
                        <Unicode>Bernadotte</Unicode>
                    </TextEquiv>
                    <TextStyle fontFamily="Arial" fontSize="8.5"/>
                </Word>
                <Word id="w_w1aab1b7b2b1b1ad189" language="German" custom="readingOrder {index:10;}">
                    <Coords points="1653,750 1695,750 1695,774 1653,774"/>
                    <TextEquiv>
                        <Unicode>zur</Unicode>
                    </TextEquiv>
                    <TextStyle fontFamily="Arial" fontSize="8.5"/>
                </Word>
                <Word id="w_w1aab1b7b2b1b1ad197" language="German" custom="readingOrder {index:11;}">
                    <Coords points="1708,738 1863,738 1863,776 1708,776"/>
                    <TextEquiv>
                        <Unicode>Thronfolge</Unicode>
                    </TextEquiv>
                    <TextStyle fontFamily="Arial" fontSize="8.5"/>
                </Word>
                <Word id="w_w1aab1b7b2b1b1ad219" language="German" custom="readingOrder {index:12;}">
                    <Coords points="1877,750 1926,750 1926,772 1877,772"/>
                    <TextEquiv>
                        <Unicode>von</Unicode>
                    </TextEquiv>
                    <TextStyle fontFamily="Arial" fontSize="8.5"/>
                </Word>
                <TextEquiv>
                    <Unicode>Lürkey. (stete Widersprüche). Schweden (wahrscheinliche Erhebung des H. Marschalls Bernadotte zur Thronfolge von</Unicode>
                </TextEquiv>
                <TextStyle fontFamily="Arial" fontSize="8.5"/>
            </TextLine>
            <TextLine id="tl_4" primaryLanguage="German" custom="readingOrder {index:1;}">
                <Coords points="193,770 1925,770 1925,815 193,815"/>
                <Baseline points="193,807 1925,807"/>
                <Word id="w_w1aab1b7b2b1b3ab1" language="German" custom="readingOrder {index:0;}">
                    <Coords points="193,773 359,773 359,807 193,807"/>
                    <TextEquiv>
                        <Unicode>Schweden).</Unicode>
                    </TextEquiv>
                    <TextStyle fontFamily="Arial" fontSize="8.5"/>
                </Word>
                <Word id="w_w1aab1b7b2b1b3ac23" language="German" custom="readingOrder {index:1;}">
                    <Coords points="397,775 553,775 553,804 397,804"/>
                    <TextEquiv>
                        <Unicode>Dänemark.</Unicode>
                    </TextEquiv>
                    <TextStyle fontFamily="Arial" fontSize="8.5"/>
                </Word>
                <Word id="w_w1aab1b7b2b1b3ac43" language="German" custom="readingOrder {index:2;}">
                    <Coords points="592,775 764,775 764,808 592,808"/>
                    <TextEquiv>
                        <Unicode>Deutschland</Unicode>
                    </TextEquiv>
                    <TextStyle fontFamily="Arial" fontSize="8.5"/>
                </Word>
                <Word id="w_w1aab1b7b2b1b3ac67" language="German" custom="readingOrder {index:3;}">
                    <Coords points="774,773 1099,773 1099,807 774,807"/>
                    <TextEquiv>
                        <Unicode>(merkwürdigerEmgaug</Unicode>
                    </TextEquiv>
                    <TextStyle fontFamily="Arial" fontSize="8.5"/>
                </Word>
                <Word id="w_w1aab1b7b2b1b3ad107" language="German" custom="readingOrder {index:4;}">
                    <Coords points="1108,773 1438,773 1438,808 1108,808"/>
                    <TextEquiv>
                        <Unicode>derVerfassungsurkunde</Unicode>
                    </TextEquiv>
                    <TextStyle fontFamily="Arial" fontSize="8.5"/>
                </Word>
                <Word id="w_w1aab1b7b2b1b3ad151" language="German" custom="readingOrder {index:5;}">
                    <Coords points="1446,776 1490,776 1490,805 1446,805"/>
                    <TextEquiv>
                        <Unicode>des</Unicode>
                    </TextEquiv>
                    <TextStyle fontFamily="Arial" fontSize="8.5"/>
                </Word>
                <Word id="w_w1aab1b7b2b1b3ad159" language="German" custom="readingOrder {index:6;}">
                    <Coords points="1499,778 1750,778 1750,814 1499,814"/>
                    <TextEquiv>
                        <Unicode>Großherzogthums</Unicode>
                    </TextEquiv>
                    <TextStyle fontFamily="Arial" fontSize="8.5"/>
                </Word>
                <Word id="w_w1aab1b7b2b1b3ad191" language="German" custom="readingOrder {index:7;}">
                    <Coords points="1760,778 1925,778 1925,813 1760,813"/>
                    <TextEquiv>
                        <Unicode>Frankfurt).</Unicode>
                    </TextEquiv>
                    <TextStyle fontFamily="Arial" fontSize="8.5"/>
                </Word>
                <TextEquiv>
                    <Unicode>Schweden). Dänemark. Deutschland (merkwürdigerEmgaug derVerfassungsurkunde des Großherzogthums Frankfurt).</Unicode>
                </TextEquiv>
                <TextStyle fontFamily="Arial" fontSize="8.5"/>
            </TextLine>
            <TextLine id="tl_5" primaryLanguage="German" custom="readingOrder {index:2;}">
                <Coords points="191,808 1131,808 1131,853 191,853"/>
                <Baseline points="191,843 1131,843"/>
                <Word id="w_w1aab1b7b2b1b5ab1" language="German" custom="readingOrder {index:0;}">
                    <Coords points="191,809 346,809 346,843 191,843"/>
                    <TextEquiv>
                        <Unicode>Frankreich.</Unicode>
                    </TextEquiv>
                    <TextStyle fontFamily="Arial" fontSize="8.5"/>
                </Word>
                <Word id="w_w1aab1b7b2b1b5ac25" language="German" custom="readingOrder {index:1;}">
                    <Coords points="385,810 507,810 507,842 385,842"/>
                    <TextEquiv>
                        <Unicode>Spanien</Unicode>
                    </TextEquiv>
                    <TextStyle fontFamily="Arial" fontSize="8.5"/>
                </Word>
                <Word id="w_w1aab1b7b2b1b5ac41" language="German" custom="readingOrder {index:2;}">
                    <Coords points="527,810 578,810 578,839 527,839"/>
                    <TextEquiv>
                        <Unicode>und</Unicode>
                    </TextEquiv>
                    <TextStyle fontFamily="Arial" fontSize="8.5"/>
                </Word>
                <Word id="w_w1aab1b7b2b1b5ac49" language="German" custom="readingOrder {index:3;}">
                    <Coords points="598,812 739,812 739,844 598,844"/>
                    <TextEquiv>
                        <Unicode>Portugal.</Unicode>
                    </TextEquiv>
                    <TextStyle fontFamily="Arial" fontSize="8.5"/>
                </Word>
                <Word id="w_w1aab1b7b2b1b5ac69" language="German" custom="readingOrder {index:4;}">
                    <Coords points="785,810 923,810 923,843 785,843"/>
                    <TextEquiv>
                        <Unicode>Neuestes.</Unicode>
                    </TextEquiv>
                    <TextStyle fontFamily="Arial" fontSize="8.5"/>
                </Word>
                <Word id="w_w1aab1b7b2b1b5ac89" language="German" custom="readingOrder {index:5;}">
                    <Coords points="971,837 1131,837 1131,853 971,853"/>
                    <TextEquiv>
                        <Unicode>_.</Unicode>
                    </TextEquiv>
                    <TextStyle fontFamily="Arial" fontSize="8.5"/>
                </Word>
                <TextEquiv>
                    <Unicode>Frankreich. Spanien und Portugal. Neuestes. _.</Unicode>
                </TextEquiv>
                <TextStyle fontFamily="Arial" fontSize="8.5"/>
            </TextLine>
            <TextEquiv>
                <Unicode>Lürkey. (stete Widersprüche). Schweden (wahrscheinliche Erhebung des H. Marschalls Bernadotte zur Thronfolge von
Schweden). Dänemark. Deutschland (merkwürdigerEmgaug derVerfassungsurkunde des Großherzogthums Frankfurt).
Frankreich. Spanien und Portugal. Neuestes. _.</Unicode>
            </TextEquiv>
        </TextRegion>
        <TextRegion type="paragraph" id="r_5_1" custom="readingOrder {index:4;}">
            <Coords points="464,883 673,883 673,919 464,919"/>
            <TextLine id="tl_6" primaryLanguage="German" custom="readingOrder {index:0;}">
                <Coords points="465,884 672,884 672,918 465,918"/>
                <Baseline points="465,918 672,918"/>
                <Word id="w_w1aab1b9b2b1b1ab1" language="German" custom="readingOrder {index:0;}">
                    <Coords points="465,885 493,885 493,914 465,914"/>
                    <TextEquiv>
                        <Unicode>T</Unicode>
                    </TextEquiv>
                    <TextStyle fontFamily="Arial" fontSize="11.0" bold="true"/>
                </Word>
                <Word id="w_w1aab1b9b2b1b1ab5" language="German" custom="readingOrder {index:1;}">
                    <Coords points="510,884 528,884 528,913 510,913"/>
                    <TextEquiv>
                        <Unicode>ü</Unicode>
                    </TextEquiv>
                    <TextStyle fontFamily="Arial" fontSize="11.0" bold="true"/>
                </Word>
                <Word id="w_w1aab1b9b2b1b1ab9" language="German" custom="readingOrder {index:2;}">
                    <Coords points="546,886 560,886 560,913 546,913"/>
                    <TextEquiv>
                        <Unicode>r</Unicode>
                    </TextEquiv>
                    <TextStyle fontFamily="Arial" fontSize="11.0" bold="true"/>
                </Word>
                <Word id="w_w1aab1b9b2b1b1b1b1" language="German" custom="readingOrder {index:3;}">
                    <Coords points="580,886 594,886 594,914 580,914"/>
                    <TextEquiv>
                        <Unicode>k</Unicode>
                    </TextEquiv>
                    <TextStyle fontFamily="Arial" fontSize="8.5"/>
                </Word>
                <Word id="w_w1aab1b9b2b1b1b2b1" language="German" custom="readingOrder {index:4;}">
                    <Coords points="613,890 626,890 626,914 613,914"/>
                    <TextEquiv>
                        <Unicode>e</Unicode>
                    </TextEquiv>
                    <TextStyle fontFamily="Arial" fontSize="11.0" bold="true"/>
                </Word>
                <Word id="w_w1aab1b9b2b1b1b2b5" language="German" custom="readingOrder {index:5;}">
                    <Coords points="646,891 672,891 672,918 646,918"/>
                    <TextEquiv>
                        <Unicode>y.</Unicode>
                    </TextEquiv>
                    <TextStyle fontFamily="Arial" fontSize="11.0" bold="true"/>
                </Word>
                <TextEquiv>
                    <Unicode>T ü r k e y.</Unicode>
                </TextEquiv>
            </TextLine>
            <TextEquiv>
                <Unicode>T ü r k e y.</Unicode>
            </TextEquiv>
        </TextRegion>
        <TextRegion type="paragraph" id="r_5_2" custom="readingOrder {index:5;}">
            <Coords points="119,933 1012,933 1012,1390 119,1390"/>
            <TextLine id="tl_7" primaryLanguage="German" custom="readingOrder {index:0;}">
                <Coords points="158,934 1010,934 1010,975 158,975"/>
                <Baseline points="158,971 1010,971"/>
                <Word id="w_w1aab1b9b2b3b1ab1" language="German" custom="readingOrder {index:0;}">
                    <Coords points="158,940 224,940 224,970 158,970"/>
                    <TextEquiv>
                        <Unicode>Auch</Unicode>
                    </TextEquiv>
                    <TextStyle fontFamily="Arial" fontSize="8.5"/>
                </Word>
                <Word id="w_w1aab1b9b2b3b1ac11" language="German" custom="readingOrder {index:1;}">
                    <Coords points="248,940 289,940 289,969 248,969"/>
                    <TextEquiv>
                        <Unicode>die</Unicode>
                    </TextEquiv>
                    <TextStyle fontFamily="Arial" fontSize="8.5"/>
                </Word>
                <Word id="w_w1aab1b9b2b3b1ac19" language="German" custom="readingOrder {index:2;}">
                    <Coords points="312,942 429,942 429,973 312,973"/>
                    <TextEquiv>
                        <Unicode>neuesten</Unicode>
                    </TextEquiv>
                    <TextStyle fontFamily="Arial" fontSize="8.5"/>
                </Word>
                <Word id="w_w1aab1b9b2b3b1ac37" language="German" custom="readingOrder {index:3;}">
                    <Coords points="449,939 615,939 615,970 449,970"/>
                    <TextEquiv>
                        <Unicode>Nachrichten</Unicode>
                    </TextEquiv>
                    <TextStyle fontFamily="Arial" fontSize="8.5"/>
                </Word>
                <Word id="w_w1aab1b9b2b3b1ac61" language="German" custom="readingOrder {index:4;}">
                    <Coords points="637,939 699,939 699,968 637,968"/>
                    <TextEquiv>
                        <Unicode>über</Unicode>
                    </TextEquiv>
                    <TextStyle fontFamily="Arial" fontSize="8.5"/>
                </Word>
                <Word id="w_w1aab1b9b2b3b1ac71" language="German" custom="readingOrder {index:5;}">
                    <Coords points="720,939 762,939 762,968 720,968"/>
                    <TextEquiv>
                        <Unicode>die</Unicode>
                    </TextEquiv>
                    <TextStyle fontFamily="Arial" fontSize="8.5"/>
                </Word>
                <Word id="w_w1aab1b9b2b3b1ac79" language="German" custom="readingOrder {index:6;}">
                    <Coords points="781,938 899,938 899,971 781,971"/>
                    <TextEquiv>
                        <Unicode>dortigen</Unicode>
                    </TextEquiv>
                    <TextStyle fontFamily="Arial" fontSize="8.5"/>
                </Word>
                <Word id="w_w1aab1b9b2b3b1ac97" language="German" custom="readingOrder {index:7;}">
                    <Coords points="921,937 1010,937 1010,971 921,971"/>
                    <TextEquiv>
                        <Unicode>Ereig¬</Unicode>
                    </TextEquiv>
                    <TextStyle fontFamily="Arial" fontSize="8.5"/>
                </Word>
                <TextEquiv>
                    <Unicode>Auch die neuesten Nachrichten über die dortigen Ereig¬</Unicode>
                </TextEquiv>
                <TextStyle fontFamily="Arial" fontSize="8.5"/>
            </TextLine>
            <TextLine id="tl_8" primaryLanguage="German" custom="readingOrder {index:1;}">
                <Coords points="121,976 1011,976 1011,1017 121,1017"/>
                <Baseline points="121,1013 1011,1013"/>
                <Word id="w_w1aab1b9b2b3b3ab1" language="German" custom="readingOrder {index:0;}">
                    <Coords points="121,980 185,980 185,1010 121,1010"/>
                    <TextEquiv>
                        <Unicode>nisse</Unicode>
                    </TextEquiv>
                    <TextStyle fontFamily="Arial" fontSize="8.5"/>
                </Word>
                <Word id="w_w1aab1b9b2b3b3ac13" language="German" custom="readingOrder {index:1;}">
                    <Coords points="201,982 396,982 396,1015 201,1015"/>
                    <TextEquiv>
                        <Unicode>widersprechen</Unicode>
                    </TextEquiv>
                    <TextStyle fontFamily="Arial" fontSize="8.5"/>
                </Word>
                <Word id="w_w1aab1b9b2b3b3ac41" language="German" custom="readingOrder {index:2;}">
                    <Coords points="415,981 465,981 465,1009 415,1009"/>
                    <TextEquiv>
                        <Unicode>und</Unicode>
                    </TextEquiv>
                    <TextStyle fontFamily="Arial" fontSize="8.5"/>
                </Word>
                <Word id="w_w1aab1b9b2b3b3ac49" language="German" custom="readingOrder {index:3;}">
                    <Coords points="486,982 594,982 594,1015 486,1015"/>
                    <TextEquiv>
                        <Unicode>kreutzeu</Unicode>
                    </TextEquiv>
                    <TextStyle fontFamily="Arial" fontSize="8.5"/>
                </Word>
                <Word id="w_w1aab1b9b2b3b3ac67" language="German" custom="readingOrder {index:4;}">
                    <Coords points="616,981 658,981 658,1015 616,1015"/>
                    <TextEquiv>
                        <Unicode>sich</Unicode>
                    </TextEquiv>
                    <TextStyle fontFamily="Arial" fontSize="8.5"/>
                </Word>
                <Word id="w_w1aab1b9b2b3b3ac77" language="German" custom="readingOrder {index:5;}">
                    <Coords points="684,982 728,982 728,1015 684,1015"/>
                    <TextEquiv>
                        <Unicode>so,</Unicode>
                    </TextEquiv>
                    <TextStyle fontFamily="Arial" fontSize="8.5"/>
                </Word>
                <Word id="w_w1aab1b9b2b3b3ac85" language="German" custom="readingOrder {index:6;}">
                    <Coords points="753,981 801,981 801,1014 753,1014"/>
                    <TextEquiv>
                        <Unicode>daß</Unicode>
                    </TextEquiv>
                    <TextStyle fontFamily="Arial" fontSize="8.5"/>
                </Word>
                <Word id="w_w1aab1b9b2b3b3ac93" language="German" custom="readingOrder {index:7;}">
                    <Coords points="823,987 882,987 882,1009 823,1009"/>
                    <TextEquiv>
                        <Unicode>mau</Unicode>
                    </TextEquiv>
                    <TextStyle fontFamily="Arial" fontSize="8.5"/>
                </Word>
                <Word id="w_w1aab1b9b2b3b3ad101" language="German" custom="readingOrder {index:8;}">
                    <Coords points="906,979 1011,979 1011,1010 906,1010"/>
                    <TextEquiv>
                        <Unicode>darüber</Unicode>
                    </TextEquiv>
                    <TextStyle fontFamily="Arial" fontSize="8.5"/>
                </Word>
                <TextEquiv>
                    <Unicode>nisse widersprechen und kreutzeu sich so, daß mau darüber</Unicode>
                </TextEquiv>
                <TextStyle fontFamily="Arial" fontSize="8.5"/>
            </TextLine>
            <TextLine id="tl_9" primaryLanguage="German" custom="readingOrder {index:2;}">
                <Coords points="121,1018 1010,1018 1010,1057 121,1057"/>
                <Baseline points="121,1055 1010,1055"/>
                <Word id="w_w1aab1b9b2b3b5ab1" language="German" custom="readingOrder {index:0;}">
                    <Coords points="121,1020 245,1020 245,1052 121,1052"/>
                    <TextEquiv>
                        <Unicode>durchaus</Unicode>
                    </TextEquiv>
                    <TextStyle fontFamily="Arial" fontSize="8.5"/>
                </Word>
                <Word id="w_w1aab1b9b2b3b5ac19" language="German" custom="readingOrder {index:1;}">
                    <Coords points="267,1023 333,1023 333,1054 267,1054"/>
                    <TextEquiv>
                        <Unicode>nicht</Unicode>
                    </TextEquiv>
                    <TextStyle fontFamily="Arial" fontSize="8.5"/>
                </Word>
                <Word id="w_w1aab1b9b2b3b5ac31" language="German" custom="readingOrder {index:2;}">
                    <Coords points="352,1024 423,1024 423,1055 352,1055"/>
                    <TextEquiv>
                        <Unicode>auf's</Unicode>
                    </TextEquiv>
                    <TextStyle fontFamily="Arial" fontSize="8.5"/>
                </Word>
                <Word id="w_w1aab1b9b2b3b5ac43" language="German" custom="readingOrder {index:3;}">
                    <Coords points="441,1022 526,1022 526,1051 441,1051"/>
                    <TextEquiv>
                        <Unicode>Reine</Unicode>
                    </TextEquiv>
                    <TextStyle fontFamily="Arial" fontSize="8.5"/>
                </Word>
                <Word id="w_w1aab1b9b2b3b5ac55" language="German" custom="readingOrder {index:4;}">
                    <Coords points="547,1022 652,1022 652,1051 547,1051"/>
                    <TextEquiv>
                        <Unicode>kömmt.</Unicode>
                    </TextEquiv>
                    <TextStyle fontFamily="Arial" fontSize="8.5"/>
                </Word>
                <Word id="w_w1aab1b9b2b3b5ac69" language="German" custom="readingOrder {index:5;}">
                    <Coords points="692,1025 747,1025 747,1051 692,1051"/>
                    <TextEquiv>
                        <Unicode>Alle</Unicode>
                    </TextEquiv>
                    <TextStyle fontFamily="Arial" fontSize="8.5"/>
                </Word>
                <Word id="w_w1aab1b9b2b3b5ac79" language="German" custom="readingOrder {index:6;}">
                    <Coords points="766,1022 863,1022 863,1050 766,1050"/>
                    <TextEquiv>
                        <Unicode>werden</Unicode>
                    </TextEquiv>
                    <TextStyle fontFamily="Arial" fontSize="8.5"/>
                </Word>
                <Word id="w_w1aab1b9b2b3b5ac93" language="German" custom="readingOrder {index:7;}">
                    <Coords points="886,1028 935,1028 935,1051 886,1051"/>
                    <TextEquiv>
                        <Unicode>von</Unicode>
                    </TextEquiv>
                    <TextStyle fontFamily="Arial" fontSize="8.5"/>
                </Word>
                <Word id="w_w1aab1b9b2b3b5ad101" language="German" custom="readingOrder {index:8;}">
                    <Coords points="948,1021 1010,1021 1010,1053 948,1053"/>
                    <TextEquiv>
                        <Unicode>.Lei¬</Unicode>
                    </TextEquiv>
                    <TextStyle fontFamily="Arial" fontSize="8.5"/>
                </Word>
                <TextEquiv>
                    <Unicode>durchaus nicht auf's Reine kömmt. Alle werden von .Lei¬</Unicode>
                </TextEquiv>
                <TextStyle fontFamily="Arial" fontSize="8.5"/>
            </TextLine>
            <TextLine id="tl_10" primaryLanguage="German" custom="readingOrder {index:3;}">
                <Coords points="122,1060 1009,1060 1009,1100 122,1100"/>
                <Baseline points="122,1096 1009,1096"/>
                <Word id="w_w1aab1b9b2b3b7ab1" language="German" custom="readingOrder {index:0;}">
                    <Coords points="122,1062 266,1062 266,1096 122,1096"/>
                    <TextEquiv>
                        <Unicode>denschaft,</Unicode>
                    </TextEquiv>
                    <TextStyle fontFamily="Arial" fontSize="8.5"/>
                </Word>
                <Word id="w_w1aab1b9b2b3b7ac23" language="German" custom="readingOrder {index:1;}">
                    <Coords points="298,1065 348,1065 348,1093 298,1093"/>
                    <TextEquiv>
                        <Unicode>und</Unicode>
                    </TextEquiv>
                    <TextStyle fontFamily="Arial" fontSize="8.5"/>
                </Word>
                <Word id="w_w1aab1b9b2b3b7ac31" language="German" custom="readingOrder {index:2;}">
                    <Coords points="372,1065 429,1065 429,1095 372,1095"/>
                    <TextEquiv>
                        <Unicode>noch</Unicode>
                    </TextEquiv>
                    <TextStyle fontFamily="Arial" fontSize="8.5"/>
                </Word>
                <Word id="w_w1aab1b9b2b3b7ac41" language="German" custom="readingOrder {index:3;}">
                    <Coords points="453,1064 523,1064 523,1094 453,1094"/>
                    <TextEquiv>
                        <Unicode>mehr</Unicode>
                    </TextEquiv>
                    <TextStyle fontFamily="Arial" fontSize="8.5"/>
                </Word>
                <Word id="w_w1aab1b9b2b3b7ac51" language="German" custom="readingOrder {index:4;}">
                    <Coords points="543,1071 591,1071 591,1092 543,1092"/>
                    <TextEquiv>
                        <Unicode>von</Unicode>
                    </TextEquiv>
                    <TextStyle fontFamily="Arial" fontSize="8.5"/>
                </Word>
                <Word id="w_w1aab1b9b2b3b7ac59" language="German" custom="readingOrder {index:5;}">
                    <Coords points="611,1065 741,1065 741,1099 611,1099"/>
                    <TextEquiv>
                        <Unicode>Interesse</Unicode>
                    </TextEquiv>
                    <TextStyle fontFamily="Arial" fontSize="8.5"/>
                </Word>
                <Word id="w_w1aab1b9b2b3b7ac79" language="German" custom="readingOrder {index:6;}">
                    <Coords points="765,1064 901,1064 901,1097 765,1097"/>
                    <TextEquiv>
                        <Unicode>gemodelt.</Unicode>
                    </TextEquiv>
                    <TextStyle fontFamily="Arial" fontSize="8.5"/>
                </Word>
                <Word id="w_w1aab1b9b2b3b7ac99" language="German" custom="readingOrder {index:7;}">
                    <Coords points="948,1063 1009,1063 1009,1090 948,1090"/>
                    <TextEquiv>
                        <Unicode>Den</Unicode>
                    </TextEquiv>
                    <TextStyle fontFamily="Arial" fontSize="8.5"/>
                </Word>
                <TextEquiv>
                    <Unicode>denschaft, und noch mehr von Interesse gemodelt. Den</Unicode>
                </TextEquiv>
                <TextStyle fontFamily="Arial" fontSize="8.5"/>
            </TextLine>
            <TextLine id="tl_11" primaryLanguage="German" custom="readingOrder {index:4;}">
                <Coords points="123,1101 1011,1101 1011,1142 123,1142"/>
                <Baseline points="123,1138 1011,1138"/>
                <Word id="w_w1aab1b9b2b3b9ab1" language="German" custom="readingOrder {index:0;}">
                    <Coords points="123,1104 210,1104 210,1135 123,1135"/>
                    <TextEquiv>
                        <Unicode>Einen</Unicode>
                    </TextEquiv>
                    <TextStyle fontFamily="Arial" fontSize="8.5"/>
                </Word>
                <Word id="w_w1aab1b9b2b3b9ac13" language="German" custom="readingOrder {index:1;}">
                    <Coords points="226,1107 323,1107 323,1140 226,1140"/>
                    <TextEquiv>
                        <Unicode>zufolge</Unicode>
                    </TextEquiv>
                    <TextStyle fontFamily="Arial" fontSize="8.5"/>
                </Word>
                <Word id="w_w1aab1b9b2b3b9ac29" language="German" custom="readingOrder {index:2;}">
                    <Coords points="334,1108 407,1108 407,1139 334,1139"/>
                    <TextEquiv>
                        <Unicode>hatte</Unicode>
                    </TextEquiv>
                    <TextStyle fontFamily="Arial" fontSize="8.5"/>
                </Word>
                <Word id="w_w1aab1b9b2b3b9ac41" language="German" custom="readingOrder {index:3;}">
                    <Coords points="423,1106 464,1106 464,1139 423,1139"/>
                    <TextEquiv>
                        <Unicode>sich</Unicode>
                    </TextEquiv>
                    <TextStyle fontFamily="Arial" fontSize="8.5"/>
                </Word>
                <Word id="w_w1aab1b9b2b3b9ac51" language="German" custom="readingOrder {index:4;}">
                    <Coords points="482,1106 525,1106 525,1134 482,1134"/>
                    <TextEquiv>
                        <Unicode>der</Unicode>
                    </TextEquiv>
                    <TextStyle fontFamily="Arial" fontSize="8.5"/>
                </Word>
                <Word id="w_w1aab1b9b2b3b9ac59" language="German" custom="readingOrder {index:5;}">
                    <Coords points="544,1106 657,1106 657,1140 544,1140"/>
                    <TextEquiv>
                        <Unicode>wichtige</Unicode>
                    </TextEquiv>
                    <TextStyle fontFamily="Arial" fontSize="8.5"/>
                </Word>
                <Word id="w_w1aab1b9b2b3b9ac77" language="German" custom="readingOrder {index:6;}">
                    <Coords points="670,1107 738,1107 738,1139 670,1139"/>
                    <TextEquiv>
                        <Unicode>Platz</Unicode>
                    </TextEquiv>
                    <TextStyle fontFamily="Arial" fontSize="8.5"/>
                </Word>
                <Word id="w_w1aab1b9b2b3b9ac89" language="German" custom="readingOrder {index:7;}">
                    <Coords points="755,1112 804,1112 804,1134 755,1134"/>
                    <TextEquiv>
                        <Unicode>von</Unicode>
                    </TextEquiv>
                    <TextStyle fontFamily="Arial" fontSize="8.5"/>
                </Word>
                <Word id="w_w1aab1b9b2b3b9ac97" language="German" custom="readingOrder {index:8;}">
                    <Coords points="817,1103 1011,1103 1011,1139 817,1139"/>
                    <TextEquiv>
                        <Unicode>Ruschtschuk</Unicode>
                    </TextEquiv>
                    <TextStyle fontFamily="Arial" fontSize="8.5"/>
                </Word>
                <TextEquiv>
                    <Unicode>Einen zufolge hatte sich der wichtige Platz von Ruschtschuk</Unicode>
                </TextEquiv>
                <TextStyle fontFamily="Arial" fontSize="8.5"/>
            </TextLine>
            <TextLine id="tl_12" primaryLanguage="German" custom="readingOrder {index:5;}">
                <Coords points="122,1144 1010,1144 1010,1184 122,1184"/>
                <Baseline points="122,1180 1010,1180"/>
                <Word id="w_w1aab1b9b2b3c11ab1" language="German" custom="readingOrder {index:0;}">
                    <Coords points="122,1147 190,1147 190,1176 122,1176"/>
                    <TextEquiv>
                        <Unicode>denn</Unicode>
                    </TextEquiv>
                    <TextStyle fontFamily="Arial" fontSize="8.5"/>
                </Word>
                <Word id="w_w1aab1b9b2b3c11ac11" language="German" custom="readingOrder {index:1;}">
                    <Coords points="210,1150 265,1150 265,1180 210,1180"/>
                    <TextEquiv>
                        <Unicode>doch</Unicode>
                    </TextEquiv>
                    <TextStyle fontFamily="Arial" fontSize="8.5"/>
                </Word>
                <Word id="w_w1aab1b9b2b3c11ac21" language="German" custom="readingOrder {index:2;}">
                    <Coords points="284,1152 338,1152 338,1178 284,1178"/>
                    <TextEquiv>
                        <Unicode>noch</Unicode>
                    </TextEquiv>
                    <TextStyle fontFamily="Arial" fontSize="8.5"/>
                </Word>
                <Word id="w_w1aab1b9b2b3c11ac31" language="German" custom="readingOrder {index:3;}">
                    <Coords points="359,1157 390,1157 390,1177 359,1177"/>
                    <TextEquiv>
                        <Unicode>an</Unicode>
                    </TextEquiv>
                    <TextStyle fontFamily="Arial" fontSize="8.5"/>
                </Word>
                <Word id="w_w1aab1b9b2b3c11ac37" language="German" custom="readingOrder {index:4;}">
                    <Coords points="408,1149 447,1149 447,1177 408,1177"/>
                    <TextEquiv>
                        <Unicode>die</Unicode>
                    </TextEquiv>
                    <TextStyle fontFamily="Arial" fontSize="8.5"/>
                </Word>
                <Word id="w_w1aab1b9b2b3c11ac45" language="German" custom="readingOrder {index:5;}">
                    <Coords points="461,1148 570,1148 570,1183 461,1183"/>
                    <TextEquiv>
                        <Unicode>Russen</Unicode>
                    </TextEquiv>
                    <TextStyle fontFamily="Arial" fontSize="8.5"/>
                </Word>
                <Word id="w_w1aab1b9b2b3c11ac59" language="German" custom="readingOrder {index:6;}">
                    <Coords points="592,1148 698,1148 698,1182 592,1182"/>
                    <TextEquiv>
                        <Unicode>ergeben</Unicode>
                    </TextEquiv>
                    <TextStyle fontFamily="Arial" fontSize="8.5"/>
                </Word>
                <Word id="w_w1aab1b9b2b3c11ac75" language="German" custom="readingOrder {index:7;}">
                    <Coords points="708,1155 716,1155 716,1181 708,1181"/>
                    <TextEquiv>
                        <Unicode>;</Unicode>
                    </TextEquiv>
                    <TextStyle fontFamily="Arial" fontSize="8.5"/>
                </Word>
                <Word id="w_w1aab1b9b2b3c11ac79" language="German" custom="readingOrder {index:8;}">
                    <Coords points="737,1148 795,1148 795,1177 737,1177"/>
                    <TextEquiv>
                        <Unicode>nach</Unicode>
                    </TextEquiv>
                    <TextStyle fontFamily="Arial" fontSize="8.5"/>
                </Word>
                <Word id="w_w1aab1b9b2b3c11ac89" language="German" custom="readingOrder {index:9;}">
                    <Coords points="816,1146 920,1146 920,1175 816,1175"/>
                    <TextEquiv>
                        <Unicode>Andern</Unicode>
                    </TextEquiv>
                    <TextStyle fontFamily="Arial" fontSize="8.5"/>
                </Word>
                <Word id="w_w1aab1b9b2b3c11ad103" language="German" custom="readingOrder {index:10;}">
                    <Coords points="929,1147 1010,1147 1010,1178 929,1178"/>
                    <TextEquiv>
                        <Unicode>.hatte</Unicode>
                    </TextEquiv>
                    <TextStyle fontFamily="Arial" fontSize="8.5"/>
                </Word>
                <TextEquiv>
                    <Unicode>denn doch noch an die Russen ergeben ; nach Andern .hatte</Unicode>
                </TextEquiv>
                <TextStyle fontFamily="Arial" fontSize="8.5"/>
            </TextLine>
            <TextLine id="tl_13" primaryLanguage="German" custom="readingOrder {index:6;}">
                <Coords points="120,1185 1011,1185 1011,1230 120,1230"/>
                <Baseline points="120,1222 1011,1222"/>
                <Word id="w_w1aab1b9b2b3c13ab1" language="German" custom="readingOrder {index:0;}">
                    <Coords points="120,1190 196,1190 196,1224 120,1224"/>
                    <TextEquiv>
                        <Unicode>sogar</Unicode>
                    </TextEquiv>
                    <TextStyle fontFamily="Arial" fontSize="8.5"/>
                </Word>
                <Word id="w_w1aab1b9b2b3c13ac13" language="German" custom="readingOrder {index:1;}">
                    <Coords points="218,1192 259,1192 259,1220 218,1220"/>
                    <TextEquiv>
                        <Unicode>der</Unicode>
                    </TextEquiv>
                    <TextStyle fontFamily="Arial" fontSize="8.5"/>
                </Word>
                <Word id="w_w1aab1b9b2b3c13ac21" language="German" custom="readingOrder {index:2;}">
                    <Coords points="282,1191 426,1191 426,1228 282,1228"/>
                    <TextEquiv>
                        <Unicode>Russische</Unicode>
                    </TextEquiv>
                    <TextStyle fontFamily="Arial" fontSize="8.5"/>
                </Word>
                <Word id="w_w1aab1b9b2b3c13ac41" language="German" custom="readingOrder {index:3;}">
                    <Coords points="448,1192 622,1192 622,1223 448,1223"/>
                    <TextEquiv>
                        <Unicode>Obergeneral</Unicode>
                    </TextEquiv>
                    <TextStyle fontFamily="Arial" fontSize="8.5"/>
                </Word>
                <Word id="w_w1aab1b9b2b3c13ac65" language="German" custom="readingOrder {index:4;}">
                    <Coords points="648,1190 826,1190 826,1225 648,1225"/>
                    <TextEquiv>
                        <Unicode>Ramensky</Unicode>
                    </TextEquiv>
                    <TextStyle fontFamily="Arial" fontSize="8.5"/>
                </Word>
                <Word id="w_w1aab1b9b2b3c13ac83" language="German" custom="readingOrder {index:5;}">
                    <Coords points="850,1188 929,1188 929,1222 850,1222"/>
                    <TextEquiv>
                        <Unicode>selber</Unicode>
                    </TextEquiv>
                    <TextStyle fontFamily="Arial" fontSize="8.5"/>
                </Word>
                <Word id="w_w1aab1b9b2b3c13ac97" language="German" custom="readingOrder {index:6;}">
                    <Coords points="955,1188 1011,1188 1011,1219 955,1219"/>
                    <TextEquiv>
                        <Unicode>dem</Unicode>
                    </TextEquiv>
                    <TextStyle fontFamily="Arial" fontSize="8.5"/>
                </Word>
                <TextEquiv>
                    <Unicode>sogar der Russische Obergeneral Ramensky selber dem</Unicode>
                </TextEquiv>
                <TextStyle fontFamily="Arial" fontSize="8.5"/>
            </TextLine>
            <TextLine id="tl_14" primaryLanguage="German" custom="readingOrder {index:7;}">
                <Coords points="122,1226 1011,1226 1011,1267 122,1267"/>
                <Baseline points="122,1263 1011,1263"/>
                <Word id="w_w1aab1b9b2b3c15ab1" language="German" custom="readingOrder {index:0;}">
                    <Coords points="122,1233 288,1233 288,1263 122,1263"/>
                    <TextEquiv>
                        <Unicode>Großvrsster</Unicode>
                    </TextEquiv>
                    <TextStyle fontFamily="Arial" fontSize="8.5"/>
                </Word>
                <Word id="w_w1aab1b9b2b3c15ac25" language="German" custom="readingOrder {index:1;}">
                    <Coords points="302,1236 352,1236 352,1263 302,1263"/>
                    <TextEquiv>
                        <Unicode>den</Unicode>
                    </TextEquiv>
                    <TextStyle fontFamily="Arial" fontSize="8.5"/>
                </Word>
                <Word id="w_w1aab1b9b2b3c15ac33" language="German" custom="readingOrder {index:2;}">
                    <Coords points="369,1233 477,1233 477,1265 369,1265"/>
                    <TextEquiv>
                        <Unicode>Frieden</Unicode>
                    </TextEquiv>
                    <TextStyle fontFamily="Arial" fontSize="8.5"/>
                </Word>
                <Word id="w_w1aab1b9b2b3c15ac49" language="German" custom="readingOrder {index:3;}">
                    <Coords points="495,1236 650,1236 650,1265 495,1265"/>
                    <TextEquiv>
                        <Unicode>angLtrngeu</Unicode>
                    </TextEquiv>
                    <TextStyle fontFamily="Arial" fontSize="8.5"/>
                </Word>
                <Word id="w_w1aab1b9b2b3c15ac71" language="German" custom="readingOrder {index:4;}">
                    <Coords points="658,1248 665,1248 665,1260 658,1260"/>
                    <TextEquiv>
                        <Unicode>,</Unicode>
                    </TextEquiv>
                    <TextStyle fontFamily="Arial" fontSize="8.5"/>
                </Word>
                <Word id="w_w1aab1b9b2b3c15ac75" language="German" custom="readingOrder {index:5;}">
                    <Coords points="687,1232 739,1232 739,1259 687,1259"/>
                    <TextEquiv>
                        <Unicode>und</Unicode>
                    </TextEquiv>
                    <TextStyle fontFamily="Arial" fontSize="8.5"/>
                </Word>
                <Word id="w_w1aab1b9b2b3c15ac83" language="German" custom="readingOrder {index:6;}">
                    <Coords points="754,1233 818,1233 818,1261 754,1261"/>
                    <TextEquiv>
                        <Unicode>habe</Unicode>
                    </TextEquiv>
                    <TextStyle fontFamily="Arial" fontSize="8.5"/>
                </Word>
                <Word id="w_w1aab1b9b2b3c15ac93" language="German" custom="readingOrder {index:7;}">
                    <Coords points="835,1237 896,1237 896,1258 835,1258"/>
                    <TextEquiv>
                        <Unicode>man</Unicode>
                    </TextEquiv>
                    <TextStyle fontFamily="Arial" fontSize="8.5"/>
                </Word>
                <Word id="w_w1aab1b9b2b3c15ad101" language="German" custom="readingOrder {index:8;}">
                    <Coords points="914,1229 1011,1229 1011,1260 914,1260"/>
                    <TextEquiv>
                        <Unicode>bereits</Unicode>
                    </TextEquiv>
                    <TextStyle fontFamily="Arial" fontSize="8.5"/>
                </Word>
                <TextEquiv>
                    <Unicode>Großvrsster den Frieden angLtrngeu , und habe man bereits</Unicode>
                </TextEquiv>
                <TextStyle fontFamily="Arial" fontSize="8.5"/>
            </TextLine>
            <TextLine id="tl_15" primaryLanguage="German" custom="readingOrder {index:8;}">
                <Coords points="120,1270 1010,1270 1010,1308 120,1308"/>
                <Baseline points="120,1304 1010,1304"/>
                <Word id="w_w1aab1b9b2b3c17ab1" language="German" custom="readingOrder {index:0;}">
                    <Coords points="120,1271 350,1271 350,1306 120,1306"/>
                    <TextEquiv>
                        <Unicode>Vorbereitungen</Unicode>
                    </TextEquiv>
                    <TextStyle fontFamily="Arial" fontSize="8.5"/>
                </Word>
                <Word id="w_w1aab1b9b2b3c17ac31" language="German" custom="readingOrder {index:1;}">
                    <Coords points="377,1280 406,1280 406,1303 377,1303"/>
                    <TextEquiv>
                        <Unicode>zu</Unicode>
                    </TextEquiv>
                    <TextStyle fontFamily="Arial" fontSize="8.5"/>
                </Word>
                <Word id="w_w1aab1b9b2b3c17ac37" language="German" custom="readingOrder {index:2;}">
                    <Coords points="434,1272 516,1272 516,1303 434,1303"/>
                    <TextEquiv>
                        <Unicode>einem</Unicode>
                    </TextEquiv>
                    <TextStyle fontFamily="Arial" fontSize="8.5"/>
                </Word>
                <Word id="w_w1aab1b9b2b3c17ac49" language="German" custom="readingOrder {index:3;}">
                    <Coords points="542,1273 677,1273 677,1306 542,1306"/>
                    <TextEquiv>
                        <Unicode>Kongresse</Unicode>
                    </TextEquiv>
                    <TextStyle fontFamily="Arial" fontSize="8.5"/>
                </Word>
                <Word id="w_w1aab1b9b2b3c17ac69" language="German" custom="readingOrder {index:4;}">
                    <Coords points="703,1274 824,1274 824,1301 703,1301"/>
                    <TextEquiv>
                        <Unicode>bemerkt.</Unicode>
                    </TextEquiv>
                    <TextStyle fontFamily="Arial" fontSize="8.5"/>
                </Word>
                <Word id="w_w1aab1b9b2b3c17ac87" language="German" custom="readingOrder {index:5;}">
                    <Coords points="869,1273 946,1273 946,1304 869,1304"/>
                    <TextEquiv>
                        <Unicode>Wohl</Unicode>
                    </TextEquiv>
                    <TextStyle fontFamily="Arial" fontSize="8.5"/>
                </Word>
                <Word id="w_w1aab1b9b2b3c17ac97" language="German" custom="readingOrder {index:6;}">
                    <Coords points="969,1279 1010,1279 1010,1300 969,1300"/>
                    <TextEquiv>
                        <Unicode>am</Unicode>
                    </TextEquiv>
                    <TextStyle fontFamily="Arial" fontSize="8.5"/>
                </Word>
                <TextEquiv>
                    <Unicode>Vorbereitungen zu einem Kongresse bemerkt. Wohl am</Unicode>
                </TextEquiv>
                <TextStyle fontFamily="Arial" fontSize="8.5"/>
            </TextLine>
            <TextLine id="tl_16" primaryLanguage="German" custom="readingOrder {index:9;}">
                <Coords points="120,1311 1011,1311 1011,1353 120,1353"/>
                <Baseline points="120,1346 1011,1346"/>
                <Word id="w_w1aab1b9b2b3c19ab1" language="German" custom="readingOrder {index:0;}">
                    <Coords points="120,1311 329,1311 329,1346 120,1346"/>
                    <TextEquiv>
                        <Unicode>Gründlichsteni</Unicode>
                    </TextEquiv>
                    <TextStyle fontFamily="Arial" fontSize="8.5"/>
                </Word>
                <Word id="w_w1aab1b9b2b3c19ac31" language="German" custom="readingOrder {index:1;}">
                    <Coords points="336,1314 427,1314 427,1345 336,1345"/>
                    <TextEquiv>
                        <Unicode>ezHellt</Unicode>
                    </TextEquiv>
                    <TextStyle fontFamily="Arial" fontSize="8.5"/>
                </Word>
                <Word id="w_w1aab1b9b2b3c19ac47" language="German" custom="readingOrder {index:2;}">
                    <Coords points="446,1314 503,1314 503,1345 446,1345"/>
                    <TextEquiv>
                        <Unicode>noch</Unicode>
                    </TextEquiv>
                    <TextStyle fontFamily="Arial" fontSize="8.5"/>
                </Word>
                <Word id="w_w1aab1b9b2b3c19ac57" language="German" custom="readingOrder {index:3;}">
                    <Coords points="520,1314 562,1314 562,1342 520,1342"/>
                    <TextEquiv>
                        <Unicode>die</Unicode>
                    </TextEquiv>
                    <TextStyle fontFamily="Arial" fontSize="8.5"/>
                </Word>
                <Word id="w_w1aab1b9b2b3c19ac65" language="German" custom="readingOrder {index:4;}">
                    <Coords points="576,1314 713,1314 713,1352 576,1352"/>
                    <TextEquiv>
                        <Unicode>Wahrheit</Unicode>
                    </TextEquiv>
                    <TextStyle fontFamily="Arial" fontSize="8.5"/>
                </Word>
                <Word id="w_w1aab1b9b2b3c19ac83" language="German" custom="readingOrder {index:5;}">
                    <Coords points="726,1315 798,1315 798,1346 726,1346"/>
                    <TextEquiv>
                        <Unicode>durch</Unicode>
                    </TextEquiv>
                    <TextStyle fontFamily="Arial" fontSize="8.5"/>
                </Word>
                <Word id="w_w1aab1b9b2b3c19ac95" language="German" custom="readingOrder {index:6;}">
                    <Coords points="814,1314 1011,1314 1011,1350 814,1350"/>
                    <TextEquiv>
                        <Unicode>eiuPersiffiage</Unicode>
                    </TextEquiv>
                    <TextStyle fontFamily="Arial" fontSize="8.5"/>
                </Word>
                <TextEquiv>
                    <Unicode>Gründlichsteni ezHellt noch die Wahrheit durch eiuPersiffiage</Unicode>
                </TextEquiv>
                <TextStyle fontFamily="Arial" fontSize="8.5"/>
            </TextLine>
            <TextLine id="tl_17" primaryLanguage="German" custom="readingOrder {index:10;}">
                <Coords points="122,1354 816,1354 816,1389 122,1389"/>
                <Baseline points="122,1389 816,1389"/>
                <Word id="w_w1aab1b9b2b3c21ab1" language="German" custom="readingOrder {index:0;}">
                    <Coords points="122,1354 174,1354 174,1382 122,1382"/>
                    <TextEquiv>
                        <Unicode>aus</Unicode>
                    </TextEquiv>
                    <TextStyle fontFamily="Arial" fontSize="8.5"/>
                </Word>
                <Word id="w_w1aab1b9b2b3c21ab9" language="German" custom="readingOrder {index:1;}">
                    <Coords points="196,1354 431,1354 431,1388 196,1388"/>
                    <TextEquiv>
                        <Unicode>Hevmannstadt</Unicode>
                    </TextEquiv>
                    <TextStyle fontFamily="Arial" fontSize="8.5"/>
                </Word>
                <Word id="w_w1aab1b9b2b3c21ac35" language="German" custom="readingOrder {index:2;}">
                    <Coords points="451,1361 507,1361 507,1381 451,1381"/>
                    <TextEquiv>
                        <Unicode>vom</Unicode>
                    </TextEquiv>
                    <TextStyle fontFamily="Arial" fontSize="8.5"/>
                </Word>
                <Word id="w_w1aab1b9b2b3c21ac43" language="German" custom="readingOrder {index:3;}">
                    <Coords points="527,1357 554,1357 554,1384 527,1384"/>
                    <TextEquiv>
                        <Unicode>6.</Unicode>
                    </TextEquiv>
                    <TextStyle fontFamily="Arial" fontSize="8.5"/>
                </Word>
                <Word id="w_w1aab1b9b2b3c21ac49" language="German" custom="readingOrder {index:4;}">
                    <Coords points="575,1359 642,1359 642,1389 575,1389"/>
                    <TextEquiv>
                        <Unicode>Aug.</Unicode>
                    </TextEquiv>
                    <TextStyle fontFamily="Arial" fontSize="8.5"/>
                </Word>
                <Word id="w_w1aab1b9b2b3c21ac59" language="German" custom="readingOrder {index:5;}">
                    <Coords points="667,1356 717,1356 717,1385 667,1385"/>
                    <TextEquiv>
                        <Unicode>wie</Unicode>
                    </TextEquiv>
                    <TextStyle fontFamily="Arial" fontSize="8.5"/>
                </Word>
                <Word id="w_w1aab1b9b2b3c21ac67" language="German" custom="readingOrder {index:6;}">
                    <Coords points="734,1356 816,1356 816,1389 734,1389"/>
                    <TextEquiv>
                        <Unicode>folgt:</Unicode>
                    </TextEquiv>
                    <TextStyle fontFamily="Arial" fontSize="8.5"/>
                </Word>
                <TextEquiv>
                    <Unicode>aus Hevmannstadt vom 6. Aug. wie folgt:</Unicode>
                </TextEquiv>
                <TextStyle fontFamily="Arial" fontSize="8.5"/>
            </TextLine>
            <TextEquiv>
                <Unicode>Auch die neuesten Nachrichten über die dortigen Ereig¬
nisse widersprechen und kreutzeu sich so, daß mau darüber
durchaus nicht auf's Reine kömmt. Alle werden von .Lei¬
denschaft, und noch mehr von Interesse gemodelt. Den
Einen zufolge hatte sich der wichtige Platz von Ruschtschuk
denn doch noch an die Russen ergeben ; nach Andern .hatte
sogar der Russische Obergeneral Ramensky selber dem
Großvrsster den Frieden angLtrngeu , und habe man bereits
Vorbereitungen zu einem Kongresse bemerkt. Wohl am
Gründlichsteni ezHellt noch die Wahrheit durch eiuPersiffiage
aus Hevmannstadt vom 6. Aug. wie folgt:</Unicode>
            </TextEquiv>
        </TextRegion>
        <TextRegion type="paragraph" id="r_5_3" custom="readingOrder {index:6;}">
            <Coords points="59,1412 1014,1412 1014,2305 59,2305"/>
            <TextLine id="tl_18" primaryLanguage="German" custom="readingOrder {index:0;}">
                <Coords points="161,1413 1008,1413 1008,1452 161,1452"/>
                <Baseline points="161,1449 1008,1449"/>
                <Word id="w_w1aab1b9b2b5b1ab1" language="German" custom="readingOrder {index:0;}">
                    <Coords points="161,1415 253,1415 253,1448 161,1448"/>
                    <TextEquiv>
                        <Unicode>»Man</Unicode>
                    </TextEquiv>
                    <TextStyle fontFamily="Arial" fontSize="8.5"/>
                </Word>
                <Word id="w_w1aab1b9b2b5b1ac11" language="German" custom="readingOrder {index:1;}">
                    <Coords points="269,1415 311,1415 311,1447 269,1447"/>
                    <TextEquiv>
                        <Unicode>hat</Unicode>
                    </TextEquiv>
                    <TextStyle fontFamily="Arial" fontSize="8.5"/>
                </Word>
                <Word id="w_w1aab1b9b2b5b1ac19" language="German" custom="readingOrder {index:2;}">
                    <Coords points="325,1414 434,1414 434,1447 325,1447"/>
                    <TextEquiv>
                        <Unicode>ziemlich</Unicode>
                    </TextEquiv>
                    <TextStyle fontFamily="Arial" fontSize="8.5"/>
                </Word>
                <Word id="w_w1aab1b9b2b5b1ac37" language="German" custom="readingOrder {index:3;}">
                    <Coords points="446,1415 637,1415 637,1448 446,1448"/>
                    <TextEquiv>
                        <Unicode>abgeschmackte</Unicode>
                    </TextEquiv>
                    <TextStyle fontFamily="Arial" fontSize="8.5"/>
                </Word>
                <Word id="w_w1aab1b9b2b5b1ac65" language="German" custom="readingOrder {index:4;}">
                    <Coords points="649,1417 775,1417 775,1449 649,1449"/>
                    <TextEquiv>
                        <Unicode>Gerüchte</Unicode>
                    </TextEquiv>
                    <TextStyle fontFamily="Arial" fontSize="8.5"/>
                </Word>
                <Word id="w_w1aab1b9b2b5b1ac83" language="German" custom="readingOrder {index:5;}">
                    <Coords points="788,1424 836,1424 836,1445 788,1445"/>
                    <TextEquiv>
                        <Unicode>von</Unicode>
                    </TextEquiv>
                    <TextStyle fontFamily="Arial" fontSize="8.5"/>
                </Word>
                <Word id="w_w1aab1b9b2b5b1ac91" language="German" custom="readingOrder {index:6;}">
                    <Coords points="845,1417 891,1417 891,1446 845,1446"/>
                    <TextEquiv>
                        <Unicode>den</Unicode>
                    </TextEquiv>
                    <TextStyle fontFamily="Arial" fontSize="8.5"/>
                </Word>
                <Word id="w_w1aab1b9b2b5b1ac99" language="German" custom="readingOrder {index:7;}">
                    <Coords points="903,1418 1008,1418 1008,1452 903,1452"/>
                    <TextEquiv>
                        <Unicode>Kriegs-</Unicode>
                    </TextEquiv>
                    <TextStyle fontFamily="Arial" fontSize="8.5"/>
                </Word>
                <TextEquiv>
                    <Unicode>»Man hat ziemlich abgeschmackte Gerüchte von den Kriegs-</Unicode>
                </TextEquiv>
                <TextStyle fontFamily="Arial" fontSize="8.5"/>
            </TextLine>
            <TextLine id="tl_19" primaryLanguage="German" custom="readingOrder {index:1;}">
                <Coords points="118,1456 1011,1456 1011,1494 118,1494"/>
                <Baseline points="118,1491 1011,1491"/>
                <Word id="w_w1aab1b9b2b5b3ab1" language="German" custom="readingOrder {index:0;}">
                    <Coords points="118,1457 247,1457 247,1488 118,1488"/>
                    <TextEquiv>
                        <Unicode>Vorfällen</Unicode>
                    </TextEquiv>
                    <TextStyle fontFamily="Arial" fontSize="8.5"/>
                </Word>
                <Word id="w_w1aab1b9b2b5b3ac21" language="German" custom="readingOrder {index:1;}">
                    <Coords points="264,1457 291,1457 291,1485 264,1485"/>
                    <TextEquiv>
                        <Unicode>in</Unicode>
                    </TextEquiv>
                    <TextStyle fontFamily="Arial" fontSize="8.5"/>
                </Word>
                <Word id="w_w1aab1b9b2b5b3ac27" language="German" custom="readingOrder {index:2;}">
                    <Coords points="308,1457 397,1457 397,1487 308,1487"/>
                    <TextEquiv>
                        <Unicode>unsrer</Unicode>
                    </TextEquiv>
                    <TextStyle fontFamily="Arial" fontSize="8.5"/>
                </Word>
                <Word id="w_w1aab1b9b2b5b3ac41" language="German" custom="readingOrder {index:3;}">
                    <Coords points="418,1457 613,1457 613,1493 418,1493"/>
                    <TextEquiv>
                        <Unicode>Nachbarschaft</Unicode>
                    </TextEquiv>
                    <TextStyle fontFamily="Arial" fontSize="8.5"/>
                </Word>
                <Word id="w_w1aab1b9b2b5b3ac69" language="German" custom="readingOrder {index:4;}">
                    <Coords points="635,1459 795,1459 795,1493 635,1493"/>
                    <TextEquiv>
                        <Unicode>verbreitet;</Unicode>
                    </TextEquiv>
                    <TextStyle fontFamily="Arial" fontSize="8.5"/>
                </Word>
                <Word id="w_w1aab1b9b2b5b3ac93" language="German" custom="readingOrder {index:5;}">
                    <Coords points="824,1466 883,1466 883,1489 824,1489"/>
                    <TextEquiv>
                        <Unicode>man</Unicode>
                    </TextEquiv>
                    <TextStyle fontFamily="Arial" fontSize="8.5"/>
                </Word>
                <Word id="w_w1aab1b9b2b5b3ad101" language="German" custom="readingOrder {index:6;}">
                    <Coords points="901,1462 944,1462 944,1493 901,1493"/>
                    <TextEquiv>
                        <Unicode>har</Unicode>
                    </TextEquiv>
                    <TextStyle fontFamily="Arial" fontSize="8.5"/>
                </Word>
                <Word id="w_w1aab1b9b2b5b3ad109" language="German" custom="readingOrder {index:7;}">
                    <Coords points="961,1462 1011,1462 1011,1489 961,1489"/>
                    <TextEquiv>
                        <Unicode>den</Unicode>
                    </TextEquiv>
                    <TextStyle fontFamily="Arial" fontSize="8.5"/>
                </Word>
                <TextEquiv>
                    <Unicode>Vorfällen in unsrer Nachbarschaft verbreitet; man har den</Unicode>
                </TextEquiv>
                <TextStyle fontFamily="Arial" fontSize="8.5"/>
            </TextLine>
            <TextLine id="tl_20" primaryLanguage="German" custom="readingOrder {index:2;}">
                <Coords points="121,1494 1009,1494 1009,1536 121,1536"/>
                <Baseline points="121,1534 1009,1534"/>
                <Word id="w_w1aab1b9b2b5b5ab1" language="German" custom="readingOrder {index:0;}">
                    <Coords points="121,1499 289,1499 289,1532 121,1532"/>
                    <TextEquiv>
                        <Unicode>Großvessier</Unicode>
                    </TextEquiv>
                    <TextStyle fontFamily="Arial" fontSize="8.5"/>
                </Word>
                <Word id="w_w1aab1b9b2b5b5ac25" language="German" custom="readingOrder {index:1;}">
                    <Coords points="312,1499 409,1499 409,1528 312,1528"/>
                    <TextEquiv>
                        <Unicode>bereits</Unicode>
                    </TextEquiv>
                    <TextStyle fontFamily="Arial" fontSize="8.5"/>
                </Word>
                <Word id="w_w1aab1b9b2b5b5ac41" language="German" custom="readingOrder {index:2;}">
                    <Coords points="433,1498 473,1498 473,1527 433,1527"/>
                    <TextEquiv>
                        <Unicode>bis</Unicode>
                    </TextEquiv>
                    <TextStyle fontFamily="Arial" fontSize="8.5"/>
                </Word>
                <Word id="w_w1aab1b9b2b5b5ac49" language="German" custom="readingOrder {index:3;}">
                    <Coords points="496,1499 691,1499 691,1533 496,1533"/>
                    <TextEquiv>
                        <Unicode>Adrianoper</Unicode>
                    </TextEquiv>
                    <TextStyle fontFamily="Arial" fontSize="8.5"/>
                </Word>
                <Word id="w_w1aab1b9b2b5b5ac71" language="German" custom="readingOrder {index:4;}">
                    <Coords points="718,1496 931,1496 931,1536 718,1536"/>
                    <TextEquiv>
                        <Unicode>zurüMäügen,</Unicode>
                    </TextEquiv>
                    <TextStyle fontFamily="Arial" fontSize="8.5"/>
                </Word>
                <Word id="w_w1aab1b9b2b5b5ac95" language="German" custom="readingOrder {index:5;}">
                    <Coords points="970,1503 1009,1503 1009,1532 970,1532"/>
                    <TextEquiv>
                        <Unicode>die</Unicode>
                    </TextEquiv>
                    <TextStyle fontFamily="Arial" fontSize="8.5"/>
                </Word>
                <TextEquiv>
                    <Unicode>Großvessier bereits bis Adrianoper zurüMäügen, die</Unicode>
                </TextEquiv>
                <TextStyle fontFamily="Arial" fontSize="8.5"/>
            </TextLine>
            <TextLine id="tl_21" primaryLanguage="German" custom="readingOrder {index:3;}">
                <Coords points="121,1538 1010,1538 1010,1580 121,1580"/>
                <Baseline points="121,1575 1010,1575"/>
                <Word id="w_w1aab1b9b2b5b7ab1" language="German" custom="readingOrder {index:0;}">
                    <Coords points="121,1541 236,1541 236,1574 121,1574"/>
                    <TextEquiv>
                        <Unicode>Fussen</Unicode>
                    </TextEquiv>
                    <TextStyle fontFamily="Arial" fontSize="8.5"/>
                </Word>
                <Word id="w_w1aab1b9b2b5b7ac15" language="German" custom="readingOrder {index:1;}">
                    <Coords points="253,1541 314,1541 314,1570 253,1570"/>
                    <TextEquiv>
                        <Unicode>über</Unicode>
                    </TextEquiv>
                    <TextStyle fontFamily="Arial" fontSize="8.5"/>
                </Word>
                <Word id="w_w1aab1b9b2b5b7ac25" language="German" custom="readingOrder {index:2;}">
                    <Coords points="333,1542 382,1542 382,1569 333,1569"/>
                    <TextEquiv>
                        <Unicode>das</Unicode>
                    </TextEquiv>
                    <TextStyle fontFamily="Arial" fontSize="8.5"/>
                </Word>
                <Word id="w_w1aab1b9b2b5b7ac33" language="German" custom="readingOrder {index:3;}">
                    <Coords points="401,1539 521,1539 521,1573 401,1573"/>
                    <TextEquiv>
                        <Unicode>Gebürge</Unicode>
                    </TextEquiv>
                    <TextStyle fontFamily="Arial" fontSize="8.5"/>
                </Word>
                <Word id="w_w1aab1b9b2b5b7ac49" language="German" custom="readingOrder {index:4;}">
                    <Coords points="540,1543 663,1543 663,1572 540,1572"/>
                    <TextEquiv>
                        <Unicode>Balkan</Unicode>
                    </TextEquiv>
                    <TextStyle fontFamily="Arial" fontSize="8.5"/>
                </Word>
                <Word id="w_w1aab1b9b2b5b7ac63" language="German" custom="readingOrder {index:5;}">
                    <Coords points="678,1543 755,1543 755,1575 678,1575"/>
                    <TextEquiv>
                        <Unicode>setzen</Unicode>
                    </TextEquiv>
                    <TextStyle fontFamily="Arial" fontSize="8.5"/>
                </Word>
                <Word id="w_w1aab1b9b2b5b7ac77" language="German" custom="readingOrder {index:6;}">
                    <Coords points="763,1560 772,1560 772,1571 763,1571"/>
                    <TextEquiv>
                        <Unicode>,</Unicode>
                    </TextEquiv>
                    <TextStyle fontFamily="Arial" fontSize="8.5"/>
                </Word>
                <Word id="w_w1aab1b9b2b5b7ac81" language="German" custom="readingOrder {index:7;}">
                    <Coords points="798,1544 840,1544 840,1571 798,1571"/>
                    <TextEquiv>
                        <Unicode>die</Unicode>
                    </TextEquiv>
                    <TextStyle fontFamily="Arial" fontSize="8.5"/>
                </Word>
                <Word id="w_w1aab1b9b2b5b7ac89" language="German" custom="readingOrder {index:8;}">
                    <Coords points="853,1545 1010,1545 1010,1580 853,1580"/>
                    <TextEquiv>
                        <Unicode>Türkische</Unicode>
                    </TextEquiv>
                    <TextStyle fontFamily="Arial" fontSize="8.5"/>
                </Word>
                <TextEquiv>
                    <Unicode>Fussen über das Gebürge Balkan setzen , die Türkische</Unicode>
                </TextEquiv>
                <TextStyle fontFamily="Arial" fontSize="8.5"/>
            </TextLine>
            <TextLine id="tl_22" primaryLanguage="German" custom="readingOrder {index:4;}">
                <Coords points="119,1579 1007,1579 1007,1619 119,1619"/>
                <Baseline points="119,1617 1007,1617"/>
                <Word id="w_w1aab1b9b2b5b9ab1" language="German" custom="readingOrder {index:0;}">
                    <Coords points="119,1586 218,1586 218,1613 119,1613"/>
                    <TextEquiv>
                        <Unicode>Armee</Unicode>
                    </TextEquiv>
                    <TextStyle fontFamily="Arial" fontSize="8.5"/>
                </Word>
                <Word id="w_w1aab1b9b2b5b9ac13" language="German" custom="readingOrder {index:1;}">
                    <Coords points="239,1584 341,1584 341,1616 239,1616"/>
                    <TextEquiv>
                        <Unicode>daselbst</Unicode>
                    </TextEquiv>
                    <TextStyle fontFamily="Arial" fontSize="8.5"/>
                </Word>
                <Word id="w_w1aab1b9b2b5b9ac31" language="German" custom="readingOrder {index:2;}">
                    <Coords points="362,1583 504,1583 504,1616 362,1616"/>
                    <TextEquiv>
                        <Unicode>umgehen,</Unicode>
                    </TextEquiv>
                    <TextStyle fontFamily="Arial" fontSize="8.5"/>
                </Word>
                <Word id="w_w1aab1b9b2b5b9ac49" language="German" custom="readingOrder {index:3;}">
                    <Coords points="536,1584 586,1584 586,1611 536,1611"/>
                    <TextEquiv>
                        <Unicode>und</Unicode>
                    </TextEquiv>
                    <TextStyle fontFamily="Arial" fontSize="8.5"/>
                </Word>
                <Word id="w_w1aab1b9b2b5b9ac57" language="German" custom="readingOrder {index:4;}">
                    <Coords points="608,1583 775,1583 775,1616 608,1616"/>
                    <TextEquiv>
                        <Unicode>abscheuliche'</Unicode>
                    </TextEquiv>
                    <TextStyle fontFamily="Arial" fontSize="8.5"/>
                </Word>
                <Word id="w_w1aab1b9b2b5b9ac85" language="German" custom="readingOrder {index:5;}">
                    <Coords points="792,1582 1007,1582 1007,1619 792,1619"/>
                    <TextEquiv>
                        <Unicode>Engpässe'durch</Unicode>
                    </TextEquiv>
                    <TextStyle fontFamily="Arial" fontSize="8.5"/>
                </Word>
                <TextEquiv>
                    <Unicode>Armee daselbst umgehen, und abscheuliche' Engpässe'durch</Unicode>
                </TextEquiv>
                <TextStyle fontFamily="Arial" fontSize="8.5"/>
            </TextLine>
            <TextLine id="tl_23" primaryLanguage="German" custom="readingOrder {index:5;}">
                <Coords points="121,1623 1006,1623 1006,1663 121,1663"/>
                <Baseline points="121,1659 1006,1659"/>
                <Word id="w_w1aab1b9b2b5c11ab1" language="German" custom="readingOrder {index:0;}">
                    <Coords points="121,1625 163,1625 163,1654 121,1654"/>
                    <TextEquiv>
                        <Unicode>die</Unicode>
                    </TextEquiv>
                    <TextStyle fontFamily="Arial" fontSize="8.5"/>
                </Word>
                <Word id="w_w1aab1b9b2b5c11ab9" language="German" custom="readingOrder {index:1;}">
                    <Coords points="184,1624 293,1624 293,1661 184,1661"/>
                    <TextEquiv>
                        <Unicode>Russen</Unicode>
                    </TextEquiv>
                    <TextStyle fontFamily="Arial" fontSize="8.5"/>
                </Word>
                <Word id="w_w1aab1b9b2b5c11ac23" language="German" custom="readingOrder {index:2;}">
                    <Coords points="310,1626 416,1626 416,1659 310,1659"/>
                    <TextEquiv>
                        <Unicode>besetzen</Unicode>
                    </TextEquiv>
                    <TextStyle fontFamily="Arial" fontSize="8.5"/>
                </Word>
                <Word id="w_w1aab1b9b2b5c11ac41" language="German" custom="readingOrder {index:3;}">
                    <Coords points="435,1625 525,1625 525,1656 435,1656"/>
                    <TextEquiv>
                        <Unicode>lassen,</Unicode>
                    </TextEquiv>
                    <TextStyle fontFamily="Arial" fontSize="8.5"/>
                </Word>
                <Word id="w_w1aab1b9b2b5c11ac57" language="German" custom="readingOrder {index:4;}">
                    <Coords points="548,1625 571,1625 571,1659 548,1659"/>
                    <TextEquiv>
                        <Unicode>so</Unicode>
                    </TextEquiv>
                    <TextStyle fontFamily="Arial" fontSize="8.5"/>
                </Word>
                <Word id="w_w1aab1b9b2b5c11ac63" language="German" custom="readingOrder {index:5;}">
                    <Coords points="594,1626 641,1626 641,1660 594,1660"/>
                    <TextEquiv>
                        <Unicode>daß</Unicode>
                    </TextEquiv>
                    <TextStyle fontFamily="Arial" fontSize="8.5"/>
                </Word>
                <Word id="w_w1aab1b9b2b5c11ac71" language="German" custom="readingOrder {index:6;}">
                    <Coords points="662,1625 702,1625 702,1655 662,1655"/>
                    <TextEquiv>
                        <Unicode>die</Unicode>
                    </TextEquiv>
                    <TextStyle fontFamily="Arial" fontSize="8.5"/>
                </Word>
                <Word id="w_w1aab1b9b2b5c11ac79" language="German" custom="readingOrder {index:7;}">
                    <Coords points="718,1632 806,1632 806,1654 718,1654"/>
                    <TextEquiv>
                        <Unicode>armen</Unicode>
                    </TextEquiv>
                    <TextStyle fontFamily="Arial" fontSize="8.5"/>
                </Word>
                <Word id="w_w1aab1b9b2b5c11ac91" language="German" custom="readingOrder {index:8;}">
                    <Coords points="823,1626 958,1626 958,1658 823,1658"/>
                    <TextEquiv>
                        <Unicode>Türken,</Unicode>
                    </TextEquiv>
                    <TextStyle fontFamily="Arial" fontSize="8.5"/>
                </Word>
                <Word id="w_w1aab1b9b2b5c11ad107" language="German" custom="readingOrder {index:9;}">
                    <Coords points="980,1629 1006,1629 1006,1657 980,1657"/>
                    <TextEquiv>
                        <Unicode>in</Unicode>
                    </TextEquiv>
                    <TextStyle fontFamily="Arial" fontSize="8.5"/>
                </Word>
                <TextEquiv>
                    <Unicode>die Russen besetzen lassen, so daß die armen Türken, in</Unicode>
                </TextEquiv>
                <TextStyle fontFamily="Arial" fontSize="8.5"/>
            </TextLine>
            <TextLine id="tl_24" primaryLanguage="German" custom="readingOrder {index:6;}">
                <Coords points="118,1665 1006,1665 1006,1705 118,1705"/>
                <Baseline points="118,1702 1006,1702"/>
                <Word id="w_w1aab1b9b2b5c13ab1" language="German" custom="readingOrder {index:0;}">
                    <Coords points="118,1667 325,1667 325,1702 118,1702"/>
                    <TextEquiv>
                        <Unicode>Verlegenheit',</Unicode>
                    </TextEquiv>
                    <TextStyle fontFamily="Arial" fontSize="8.5"/>
                </Word>
                <Word id="w_w1aab1b9b2b5c13ac31" language="German" custom="readingOrder {index:1;}">
                    <Coords points="347,1666 431,1666 431,1699 347,1699"/>
                    <TextEquiv>
                        <Unicode>wohin</Unicode>
                    </TextEquiv>
                    <TextStyle fontFamily="Arial" fontSize="8.5"/>
                </Word>
                <Word id="w_w1aab1b9b2b5c13ac43" language="German" custom="readingOrder {index:2;}">
                    <Coords points="453,1666 483,1666 483,1699 453,1699"/>
                    <TextEquiv>
                        <Unicode>sie</Unicode>
                    </TextEquiv>
                    <TextStyle fontFamily="Arial" fontSize="8.5"/>
                </Word>
                <Word id="w_w1aab1b9b2b5c13ac51" language="German" custom="readingOrder {index:3;}">
                    <Coords points="505,1666 546,1666 546,1700 505,1700"/>
                    <TextEquiv>
                        <Unicode>sich</Unicode>
                    </TextEquiv>
                    <TextStyle fontFamily="Arial" fontSize="8.5"/>
                </Word>
                <Word id="w_w1aab1b9b2b5c13ac61" language="German" custom="readingOrder {index:4;}">
                    <Coords points="564,1670 668,1670 668,1698 564,1698"/>
                    <TextEquiv>
                        <Unicode>wenden</Unicode>
                    </TextEquiv>
                    <TextStyle fontFamily="Arial" fontSize="8.5"/>
                </Word>
                <Word id="w_w1aab1b9b2b5c13ac75" language="German" custom="readingOrder {index:5;}">
                    <Coords points="687,1669 781,1669 781,1702 687,1702"/>
                    <TextEquiv>
                        <Unicode>sollen,</Unicode>
                    </TextEquiv>
                    <TextStyle fontFamily="Arial" fontSize="8.5"/>
                </Word>
                <Word id="w_w1aab1b9b2b5c13ac91" language="German" custom="readingOrder {index:6;}">
                    <Coords points="799,1669 851,1669 851,1699 799,1699"/>
                    <TextEquiv>
                        <Unicode>ihre</Unicode>
                    </TextEquiv>
                    <TextStyle fontFamily="Arial" fontSize="8.5"/>
                </Word>
                <Word id="w_w1aab1b9b2b5c13ad101" language="German" custom="readingOrder {index:7;}">
                    <Coords points="865,1670 952,1670 952,1699 865,1699"/>
                    <TextEquiv>
                        <Unicode>Route</Unicode>
                    </TextEquiv>
                    <TextStyle fontFamily="Arial" fontSize="8.5"/>
                </Word>
                <Word id="w_w1aab1b9b2b5c13ad113" language="German" custom="readingOrder {index:8;}">
                    <Coords points="966,1678 1006,1678 1006,1705 966,1705"/>
                    <TextEquiv>
                        <Unicode>ge¬</Unicode>
                    </TextEquiv>
                    <TextStyle fontFamily="Arial" fontSize="8.5"/>
                </Word>
                <TextEquiv>
                    <Unicode>Verlegenheit', wohin sie sich wenden sollen, ihre Route ge¬</Unicode>
                </TextEquiv>
                <TextStyle fontFamily="Arial" fontSize="8.5"/>
            </TextLine>
            <TextLine id="tl_25" primaryLanguage="German" custom="readingOrder {index:7;}">
                <Coords points="119,1709 1005,1709 1005,1748 119,1748"/>
                <Baseline points="119,1743 1005,1743"/>
                <Word id="w_w1aab1b9b2b5c15ab1" language="German" custom="readingOrder {index:0;}">
                    <Coords points="119,1709 182,1709 182,1737 119,1737"/>
                    <TextEquiv>
                        <Unicode>rade</Unicode>
                    </TextEquiv>
                    <TextStyle fontFamily="Arial" fontSize="8.5"/>
                </Word>
                <Word id="w_w1aab1b9b2b5c15ac11" language="German" custom="readingOrder {index:1;}">
                    <Coords points="202,1712 257,1712 257,1739 202,1739"/>
                    <TextEquiv>
                        <Unicode>nach</Unicode>
                    </TextEquiv>
                    <TextStyle fontFamily="Arial" fontSize="8.5"/>
                </Word>
                <Word id="w_w1aab1b9b2b5c15ac21" language="German" custom="readingOrder {index:2;}">
                    <Coords points="271,1711 491,1711 491,1746 271,1746"/>
                    <TextEquiv>
                        <Unicode>—Apgsburg</Unicode>
                    </TextEquiv>
                    <TextStyle fontFamily="Arial" fontSize="8.5"/>
                </Word>
                <Word id="w_w1aab1b9b2b5c15ac41" language="German" custom="readingOrder {index:3;}">
                    <Coords points="511,1712 616,1712 616,1741 511,1741"/>
                    <TextEquiv>
                        <Unicode>nehmen</Unicode>
                    </TextEquiv>
                    <TextStyle fontFamily="Arial" fontSize="8.5"/>
                </Word>
                <Word id="w_w1aab1b9b2b5c15ac55" language="German" custom="readingOrder {index:4;}">
                    <Coords points="637,1712 757,1712 757,1742 637,1742"/>
                    <TextEquiv>
                        <Unicode>wollten,</Unicode>
                    </TextEquiv>
                    <TextStyle fontFamily="Arial" fontSize="8.5"/>
                </Word>
                <Word id="w_w1aab1b9b2b5c15ac73" language="German" custom="readingOrder {index:5;}">
                    <Coords points="784,1711 841,1711 841,1739 784,1739"/>
                    <TextEquiv>
                        <Unicode>weil</Unicode>
                    </TextEquiv>
                    <TextStyle fontFamily="Arial" fontSize="8.5"/>
                </Word>
                <Word id="w_w1aab1b9b2b5c15ac83" language="German" custom="readingOrder {index:6;}">
                    <Coords points="857,1714 913,1714 913,1745 857,1745"/>
                    <TextEquiv>
                        <Unicode>auch</Unicode>
                    </TextEquiv>
                    <TextStyle fontFamily="Arial" fontSize="8.5"/>
                </Word>
                <Word id="w_w1aab1b9b2b5c15ac93" language="German" custom="readingOrder {index:7;}">
                    <Coords points="936,1713 1005,1713 1005,1747 936,1747"/>
                    <TextEquiv>
                        <Unicode>sogar</Unicode>
                    </TextEquiv>
                    <TextStyle fontFamily="Arial" fontSize="8.5"/>
                </Word>
                <TextEquiv>
                    <Unicode>rade nach —Apgsburg nehmen wollten, weil auch sogar</Unicode>
                </TextEquiv>
                <TextStyle fontFamily="Arial" fontSize="8.5"/>
            </TextLine>
            <TextLine id="tl_26" primaryLanguage="German" custom="readingOrder {index:8;}">
                <Coords points="118,1751 1005,1751 1005,1790 118,1790"/>
                <Baseline points="118,1790 1005,1790"/>
                <Word id="w_w1aab1b9b2b5c17ab1" language="German" custom="readingOrder {index:0;}">
                    <Coords points="118,1751 164,1751 164,1780 118,1780"/>
                    <TextEquiv>
                        <Unicode>die</Unicode>
                    </TextEquiv>
                    <TextStyle fontFamily="Arial" fontSize="8.5"/>
                </Word>
                <Word id="w_w1aab1b9b2b5c17ab9" language="German" custom="readingOrder {index:1;}">
                    <Coords points="187,1752 410,1752 410,1785 187,1785"/>
                    <TextEquiv>
                        <Unicode>unbarmherzigen</Unicode>
                    </TextEquiv>
                    <TextStyle fontFamily="Arial" fontSize="8.5"/>
                </Word>
                <Word id="w_w1aab1b9b2b5c17ac39" language="German" custom="readingOrder {index:2;}">
                    <Coords points="431,1753 636,1753 636,1785 431,1785"/>
                    <TextEquiv>
                        <Unicode>Aosaken-von</Unicode>
                    </TextEquiv>
                    <TextStyle fontFamily="Arial" fontSize="8.5"/>
                </Word>
                <Word id="w_w1aab1b9b2b5c17ac63" language="German" custom="readingOrder {index:3;}">
                    <Coords points="650,1767 684,1767 684,1774 650,1774"/>
                    <TextEquiv>
                        <Unicode>—</Unicode>
                    </TextEquiv>
                    <TextStyle fontFamily="Arial" fontSize="8.5"/>
                </Word>
                <Word id="w_w1aab1b9b2b5c17ac67" language="German" custom="readingOrder {index:4;}">
                    <Coords points="695,1754 863,1754 863,1789 695,1789"/>
                    <TextEquiv>
                        <Unicode>Frankfurt</Unicode>
                    </TextEquiv>
                    <TextStyle fontFamily="Arial" fontSize="8.5"/>
                </Word>
                <Word id="w_w1aab1b9b2b5c17ac87" language="German" custom="readingOrder {index:5;}">
                    <Coords points="883,1758 930,1758 930,1785 883,1785"/>
                    <TextEquiv>
                        <Unicode>aus</Unicode>
                    </TextEquiv>
                    <TextStyle fontFamily="Arial" fontSize="8.5"/>
                </Word>
                <Word id="w_w1aab1b9b2b5c17ac95" language="German" custom="readingOrder {index:6;}">
                    <Coords points="952,1756 1005,1756 1005,1788 952,1788"/>
                    <TextEquiv>
                        <Unicode>ihre</Unicode>
                    </TextEquiv>
                    <TextStyle fontFamily="Arial" fontSize="8.5"/>
                </Word>
                <TextEquiv>
                    <Unicode>die unbarmherzigen Aosaken-von — Frankfurt aus ihre</Unicode>
                </TextEquiv>
                <TextStyle fontFamily="Arial" fontSize="8.5"/>
            </TextLine>
            <TextLine id="tl_27" primaryLanguage="German" custom="readingOrder {index:9;}">
                <Coords points="117,1793 1004,1793 1004,1832 117,1832"/>
                <Baseline points="117,1829 1004,1829"/>
                <Word id="w_w1aab1b9b2b5c19ab1" language="German" custom="readingOrder {index:0;}">
                    <Coords points="117,1796 259,1796 259,1825 117,1825"/>
                    <TextEquiv>
                        <Unicode>Schrecken</Unicode>
                    </TextEquiv>
                    <TextStyle fontFamily="Arial" fontSize="8.5"/>
                </Word>
                <Word id="w_w1aab1b9b2b5c19ac21" language="German" custom="readingOrder {index:1;}">
                    <Coords points="285,1794 325,1794 325,1823 285,1823"/>
                    <TextEquiv>
                        <Unicode>bis</Unicode>
                    </TextEquiv>
                    <TextStyle fontFamily="Arial" fontSize="8.5"/>
                </Word>
                <Word id="w_w1aab1b9b2b5c19ac29" language="German" custom="readingOrder {index:2;}">
                    <Coords points="348,1794 406,1794 406,1826 348,1826"/>
                    <TextEquiv>
                        <Unicode>nach</Unicode>
                    </TextEquiv>
                    <TextStyle fontFamily="Arial" fontSize="8.5"/>
                </Word>
                <Word id="w_w1aab1b9b2b5c19ac39" language="German" custom="readingOrder {index:3;}">
                    <Coords points="435,1794 626,1794 626,1828 435,1828"/>
                    <TextEquiv>
                        <Unicode>Adrianopel</Unicode>
                    </TextEquiv>
                    <TextStyle fontFamily="Arial" fontSize="8.5"/>
                </Word>
                <Word id="w_w1aab1b9b2b5c19ac61" language="German" custom="readingOrder {index:4;}">
                    <Coords points="651,1797 792,1797 792,1826 651,1826"/>
                    <TextEquiv>
                        <Unicode>verbreitet</Unicode>
                    </TextEquiv>
                    <TextStyle fontFamily="Arial" fontSize="8.5"/>
                </Word>
                <Word id="w_w1aab1b9b2b5c19ac83" language="German" custom="readingOrder {index:5;}">
                    <Coords points="816,1797 913,1797 913,1831 816,1831"/>
                    <TextEquiv>
                        <Unicode>hätten.</Unicode>
                    </TextEquiv>
                    <TextStyle fontFamily="Arial" fontSize="8.5"/>
                </Word>
                <Word id="w_w1aab1b9b2b5c19ac99" language="German" custom="readingOrder {index:6;}">
                    <Coords points="961,1801 1004,1801 1004,1828 961,1828"/>
                    <TextEquiv>
                        <Unicode>So</Unicode>
                    </TextEquiv>
                    <TextStyle fontFamily="Arial" fontSize="8.5"/>
                </Word>
                <TextEquiv>
                    <Unicode>Schrecken bis nach Adrianopel verbreitet hätten. So</Unicode>
                </TextEquiv>
                <TextStyle fontFamily="Arial" fontSize="8.5"/>
            </TextLine>
            <TextLine id="tl_28" primaryLanguage="German" custom="readingOrder {index:10;}">
                <Coords points="112,1833 1006,1833 1006,1875 112,1875"/>
                <Baseline points="112,1871 1006,1871"/>
                <Word id="w_w1aab1b9b2b5c21ab1" language="German" custom="readingOrder {index:0;}">
                    <Coords points="112,1837 236,1837 236,1872 112,1872"/>
                    <TextEquiv>
                        <Unicode>Zebiehrr</Unicode>
                    </TextEquiv>
                    <TextStyle fontFamily="Arial" fontSize="8.5"/>
                </Word>
                <Word id="w_w1aab1b9b2b5c21ac19" language="German" custom="readingOrder {index:1;}">
                    <Coords points="252,1838 295,1838 295,1866 252,1866"/>
                    <TextEquiv>
                        <Unicode>der</Unicode>
                    </TextEquiv>
                    <TextStyle fontFamily="Arial" fontSize="8.5"/>
                </Word>
                <Word id="w_w1aab1b9b2b5c21ac27" language="German" custom="readingOrder {index:2;}">
                    <Coords points="309,1839 381,1839 381,1870 309,1870"/>
                    <TextEquiv>
                        <Unicode>Berg</Unicode>
                    </TextEquiv>
                    <TextStyle fontFamily="Arial" fontSize="8.5"/>
                </Word>
                <Word id="w_w1aab1b9b2b5c21ac37" language="German" custom="readingOrder {index:3;}">
                    <Coords points="396,1836 434,1836 434,1869 396,1869"/>
                    <TextEquiv>
                        <Unicode>oft</Unicode>
                    </TextEquiv>
                    <TextStyle fontFamily="Arial" fontSize="8.5"/>
                </Word>
                <Word id="w_w1aab1b9b2b5c21ac45" language="German" custom="readingOrder {index:4;}">
                    <Coords points="447,1834 503,1834 503,1865 447,1865"/>
                    <TextEquiv>
                        <Unicode>eine</Unicode>
                    </TextEquiv>
                    <TextStyle fontFamily="Arial" fontSize="8.5"/>
                </Word>
                <Word id="w_w1aab1b9b2b5c21ac55" language="German" custom="readingOrder {index:5;}">
                    <Coords points="521,1838 608,1838 608,1866 521,1866"/>
                    <TextEquiv>
                        <Unicode>Maus</Unicode>
                    </TextEquiv>
                    <TextStyle fontFamily="Arial" fontSize="8.5"/>
                </Word>
                <Word id="w_w1aab1b9b2b5c21ac65" language="German" custom="readingOrder {index:6;}">
                    <Coords points="616,1855 624,1855 624,1868 616,1868"/>
                    <TextEquiv>
                        <Unicode>,</Unicode>
                    </TextEquiv>
                    <TextStyle fontFamily="Arial" fontSize="8.5"/>
                </Word>
                <Word id="w_w1aab1b9b2b5c21ac69" language="German" custom="readingOrder {index:7;}">
                    <Coords points="645,1840 697,1840 697,1867 645,1867"/>
                    <TextEquiv>
                        <Unicode>und</Unicode>
                    </TextEquiv>
                    <TextStyle fontFamily="Arial" fontSize="8.5"/>
                </Word>
                <Word id="w_w1aab1b9b2b5c21ac77" language="German" custom="readingOrder {index:8;}">
                    <Coords points="714,1840 763,1840 763,1869 714,1869"/>
                    <TextEquiv>
                        <Unicode>das</Unicode>
                    </TextEquiv>
                    <TextStyle fontFamily="Arial" fontSize="8.5"/>
                </Word>
                <Word id="w_w1aab1b9b2b5c21ac85" language="German" custom="readingOrder {index:9;}">
                    <Coords points="778,1841 913,1841 913,1874 778,1874"/>
                    <TextEquiv>
                        <Unicode>Ganze-ist</Unicode>
                    </TextEquiv>
                    <TextStyle fontFamily="Arial" fontSize="8.5"/>
                </Word>
                <Word id="w_w1aab1b9b2b5c21ad105" language="German" custom="readingOrder {index:10;}">
                    <Coords points="922,1848 930,1848 930,1871 922,1871"/>
                    <TextEquiv>
                        <Unicode>:</Unicode>
                    </TextEquiv>
                    <TextStyle fontFamily="Arial" fontSize="8.5"/>
                </Word>
                <Word id="w_w1aab1b9b2b5c21ad109" language="German" custom="readingOrder {index:11;}">
                    <Coords points="951,1844 1006,1844 1006,1873 951,1873"/>
                    <TextEquiv>
                        <Unicode>Der</Unicode>
                    </TextEquiv>
                    <TextStyle fontFamily="Arial" fontSize="8.5"/>
                </Word>
                <TextEquiv>
                    <Unicode>Zebiehrr der Berg oft eine Maus , und das Ganze-ist : Der</Unicode>
                </TextEquiv>
                <TextStyle fontFamily="Arial" fontSize="8.5"/>
            </TextLine>
            <TextLine id="tl_29" primaryLanguage="German" custom="readingOrder {index:11;}">
                <Coords points="115,1873 1007,1873 1007,1918 115,1918"/>
                <Baseline points="115,1914 1007,1914"/>
                <Word id="w_w1aab1b9b2b5c23ab1" language="German" custom="readingOrder {index:0;}">
                    <Coords points="115,1880 286,1880 286,1913 115,1913"/>
                    <TextEquiv>
                        <Unicode>Großvessier</Unicode>
                    </TextEquiv>
                    <TextStyle fontFamily="Arial" fontSize="8.5"/>
                </Word>
                <Word id="w_w1aab1b9b2b5c23ac25" language="German" custom="readingOrder {index:1;}">
                    <Coords points="305,1880 366,1880 366,1913 305,1913"/>
                    <TextEquiv>
                        <Unicode>steht</Unicode>
                    </TextEquiv>
                    <TextStyle fontFamily="Arial" fontSize="8.5"/>
                </Word>
                <Word id="w_w1aab1b9b2b5c23ac37" language="German" custom="readingOrder {index:2;}">
                    <Coords points="390,1880 433,1880 433,1907 390,1907"/>
                    <TextEquiv>
                        <Unicode>bev</Unicode>
                    </TextEquiv>
                    <TextStyle fontFamily="Arial" fontSize="8.5"/>
                </Word>
                <Word id="w_w1aab1b9b2b5c23ac45" language="German" custom="readingOrder {index:3;}">
                    <Coords points="456,1875 622,1875 622,1910 456,1910"/>
                    <TextEquiv>
                        <Unicode>Scdiumia</Unicode>
                    </TextEquiv>
                    <TextStyle fontFamily="Arial" fontSize="8.5"/>
                </Word>
                <Word id="w_w1aab1b9b2b5c23ac63" language="German" custom="readingOrder {index:4;}">
                    <Coords points="641,1879 669,1879 669,1909 641,1909"/>
                    <TextEquiv>
                        <Unicode>kn</Unicode>
                    </TextEquiv>
                    <TextStyle fontFamily="Arial" fontSize="8.5"/>
                </Word>
                <Word id="w_w1aab1b9b2b5c23ac69" language="German" custom="readingOrder {index:5;}">
                    <Coords points="686,1880 771,1880 771,1910 686,1910"/>
                    <TextEquiv>
                        <Unicode>einem</Unicode>
                    </TextEquiv>
                    <TextStyle fontFamily="Arial" fontSize="8.5"/>
                </Word>
                <Word id="w_w1aab1b9b2b5c23ac81" language="German" custom="readingOrder {index:6;}">
                    <Coords points="788,1884 851,1884 851,1916 788,1916"/>
                    <TextEquiv>
                        <Unicode>stark</Unicode>
                    </TextEquiv>
                    <TextStyle fontFamily="Arial" fontSize="8.5"/>
                </Word>
                <Word id="w_w1aab1b9b2b5c23ac93" language="German" custom="readingOrder {index:7;}">
                    <Coords points="869,1884 1007,1884 1007,1918 869,1918"/>
                    <TextEquiv>
                        <Unicode>verschanz¬</Unicode>
                    </TextEquiv>
                    <TextStyle fontFamily="Arial" fontSize="8.5"/>
                </Word>
                <TextEquiv>
                    <Unicode>Großvessier steht bev Scdiumia kn einem stark verschanz¬</Unicode>
                </TextEquiv>
                <TextStyle fontFamily="Arial" fontSize="8.5"/>
            </TextLine>
            <TextLine id="tl_30" primaryLanguage="German" custom="readingOrder {index:12;}">
                <Coords points="114,1919 1004,1919 1004,1959 114,1959"/>
                <Baseline points="114,1956 1004,1956"/>
                <Word id="w_w1aab1b9b2b5c25ab1" language="German" custom="readingOrder {index:0;}">
                    <Coords points="114,1925 163,1925 163,1950 114,1950"/>
                    <TextEquiv>
                        <Unicode>ten</Unicode>
                    </TextEquiv>
                    <TextStyle fontFamily="Arial" fontSize="8.5"/>
                </Word>
                <Word id="w_w1aab1b9b2b5c25ab9" language="German" custom="readingOrder {index:1;}">
                    <Coords points="178,1922 272,1922 272,1956 178,1956"/>
                    <TextEquiv>
                        <Unicode>Lager;</Unicode>
                    </TextEquiv>
                    <TextStyle fontFamily="Arial" fontSize="8.5"/>
                </Word>
                <Word id="w_w1aab1b9b2b5c25ac23" language="German" custom="readingOrder {index:2;}">
                    <Coords points="291,1922 333,1922 333,1951 291,1951"/>
                    <TextEquiv>
                        <Unicode>die</Unicode>
                    </TextEquiv>
                    <TextStyle fontFamily="Arial" fontSize="8.5"/>
                </Word>
                <Word id="w_w1aab1b9b2b5c25ac31" language="German" custom="readingOrder {index:3;}">
                    <Coords points="347,1920 454,1920 454,1957 347,1957"/>
                    <TextEquiv>
                        <Unicode>Russen</Unicode>
                    </TextEquiv>
                    <TextStyle fontFamily="Arial" fontSize="8.5"/>
                </Word>
                <Word id="w_w1aab1b9b2b5c25ac45" language="German" custom="readingOrder {index:4;}">
                    <Coords points="473,1921 614,1921 614,1955 473,1955"/>
                    <TextEquiv>
                        <Unicode>versuchten</Unicode>
                    </TextEquiv>
                    <TextStyle fontFamily="Arial" fontSize="8.5"/>
                </Word>
                <Word id="w_w1aab1b9b2b5c25ac67" language="German" custom="readingOrder {index:5;}">
                    <Coords points="633,1922 690,1922 690,1952 633,1952"/>
                    <TextEquiv>
                        <Unicode>eine</Unicode>
                    </TextEquiv>
                    <TextStyle fontFamily="Arial" fontSize="8.5"/>
                </Word>
                <Word id="w_w1aab1b9b2b5c25ac77" language="German" custom="readingOrder {index:6;}">
                    <Coords points="708,1924 827,1924 827,1954 708,1954"/>
                    <TextEquiv>
                        <Unicode>Redoute</Unicode>
                    </TextEquiv>
                    <TextStyle fontFamily="Arial" fontSize="8.5"/>
                </Word>
                <Word id="w_w1aab1b9b2b5c25ac93" language="German" custom="readingOrder {index:7;}">
                    <Coords points="842,1933 872,1933 872,1957 842,1957"/>
                    <TextEquiv>
                        <Unicode>zu</Unicode>
                    </TextEquiv>
                    <TextStyle fontFamily="Arial" fontSize="8.5"/>
                </Word>
                <Word id="w_w1aab1b9b2b5c25ac99" language="German" custom="readingOrder {index:8;}">
                    <Coords points="888,1928 1004,1928 1004,1959 888,1959"/>
                    <TextEquiv>
                        <Unicode>nehmen,</Unicode>
                    </TextEquiv>
                    <TextStyle fontFamily="Arial" fontSize="8.5"/>
                </Word>
                <TextEquiv>
                    <Unicode>ten Lager; die Russen versuchten eine Redoute zu nehmen,</Unicode>
                </TextEquiv>
                <TextStyle fontFamily="Arial" fontSize="8.5"/>
            </TextLine>
            <TextLine id="tl_31" primaryLanguage="German" custom="readingOrder {index:13;}">
                <Coords points="115,1962 1011,1962 1011,2002 115,2002"/>
                <Baseline points="115,1999 1011,1999"/>
                <Word id="w_w1aab1b9b2b5c27ab1" language="German" custom="readingOrder {index:0;}">
                    <Coords points="115,1962 207,1962 207,1995 115,1995"/>
                    <TextEquiv>
                        <Unicode>Liessen</Unicode>
                    </TextEquiv>
                    <TextStyle fontFamily="Arial" fontSize="8.5"/>
                </Word>
                <Word id="w_w1aab1b9b2b5c27ac17" language="German" custom="readingOrder {index:1;}">
                    <Coords points="231,1964 289,1964 289,1994 231,1994"/>
                    <TextEquiv>
                        <Unicode>aber</Unicode>
                    </TextEquiv>
                    <TextStyle fontFamily="Arial" fontSize="8.5"/>
                </Word>
                <Word id="w_w1aab1b9b2b5c27ac27" language="German" custom="readingOrder {index:2;}">
                    <Coords points="310,1976 387,1976 387,1992 310,1992"/>
                    <TextEquiv>
                        <Unicode>ivoo.</Unicode>
                    </TextEquiv>
                    <TextStyle fontFamily="Arial" fontSize="8.5"/>
                </Word>
                <Word id="w_w1aab1b9b2b5c27ac39" language="German" custom="readingOrder {index:3;}">
                    <Coords points="402,1967 490,1967 490,1994 402,1994"/>
                    <TextEquiv>
                        <Unicode>Mann</Unicode>
                    </TextEquiv>
                    <TextStyle fontFamily="Arial" fontSize="8.5"/>
                </Word>
                <Word id="w_w1aab1b9b2b5c27ac49" language="German" custom="readingOrder {index:4;}">
                    <Coords points="506,1966 553,1966 553,1995 506,1995"/>
                    <TextEquiv>
                        <Unicode>und</Unicode>
                    </TextEquiv>
                    <TextStyle fontFamily="Arial" fontSize="8.5"/>
                </Word>
                <Word id="w_w1aab1b9b2b5c27ac57" language="German" custom="readingOrder {index:5;}">
                    <Coords points="570,1967 610,1967 610,1995 570,1995"/>
                    <TextEquiv>
                        <Unicode>die</Unicode>
                    </TextEquiv>
                    <TextStyle fontFamily="Arial" fontSize="8.5"/>
                </Word>
                <Word id="w_w1aab1b9b2b5c27ac65" language="German" custom="readingOrder {index:6;}">
                    <Coords points="624,1966 744,1966 744,1995 624,1995"/>
                    <TextEquiv>
                        <Unicode>Redoute</Unicode>
                    </TextEquiv>
                    <TextStyle fontFamily="Arial" fontSize="8.5"/>
                </Word>
                <Word id="w_w1aab1b9b2b5c27ac81" language="German" custom="readingOrder {index:7;}">
                    <Coords points="754,1966 852,1966 852,1997 754,1997"/>
                    <TextEquiv>
                        <Unicode>zurück,</Unicode>
                    </TextEquiv>
                    <TextStyle fontFamily="Arial" fontSize="8.5"/>
                </Word>
                <Word id="w_w1aab1b9b2b5c27ac97" language="German" custom="readingOrder {index:8;}">
                    <Coords points="873,1971 924,1971 924,1998 873,1998"/>
                    <TextEquiv>
                        <Unicode>und</Unicode>
                    </TextEquiv>
                    <TextStyle fontFamily="Arial" fontSize="8.5"/>
                </Word>
                <Word id="w_w1aab1b9b2b5c27ad105" language="German" custom="readingOrder {index:9;}">
                    <Coords points="939,1971 1011,1971 1011,2002 939,2002"/>
                    <TextEquiv>
                        <Unicode>kehr-,</Unicode>
                    </TextEquiv>
                    <TextStyle fontFamily="Arial" fontSize="8.5"/>
                </Word>
                <TextEquiv>
                    <Unicode>Liessen aber ivoo. Mann und die Redoute zurück, und kehr-,</Unicode>
                </TextEquiv>
                <TextStyle fontFamily="Arial" fontSize="8.5"/>
            </TextLine>
            <TextLine id="tl_32" primaryLanguage="German" custom="readingOrder {index:14;}">
                <Coords points="113,2004 1004,2004 1004,2044 113,2044"/>
                <Baseline points="113,2041 1004,2041"/>
                <Word id="w_w1aab1b9b2b5c29ab1" language="German" custom="readingOrder {index:0;}">
                    <Coords points="113,2011 163,2011 163,2037 113,2037"/>
                    <TextEquiv>
                        <Unicode>ren</Unicode>
                    </TextEquiv>
                    <TextStyle fontFamily="Arial" fontSize="8.5"/>
                </Word>
                <Word id="w_w1aab1b9b2b5c29ab9" language="German" custom="readingOrder {index:1;}">
                    <Coords points="180,2005 221,2005 221,2037 180,2037"/>
                    <TextEquiv>
                        <Unicode>fich</Unicode>
                    </TextEquiv>
                    <TextStyle fontFamily="Arial" fontSize="8.5"/>
                </Word>
                <Word id="w_w1aab1b9b2b5c29ac19" language="German" custom="readingOrder {index:2;}">
                    <Coords points="235,2014 312,2014 312,2042 235,2042"/>
                    <TextEquiv>
                        <Unicode>gegen</Unicode>
                    </TextEquiv>
                    <TextStyle fontFamily="Arial" fontSize="8.5"/>
                </Word>
                <Word id="w_w1aab1b9b2b5c29ac31" language="German" custom="readingOrder {index:3;}">
                    <Coords points="327,2005 536,2005 536,2042 327,2042"/>
                    <TextEquiv>
                        <Unicode>Ruschtschuk,</Unicode>
                    </TextEquiv>
                    <TextStyle fontFamily="Arial" fontSize="8.5"/>
                </Word>
                <Word id="w_w1aab1b9b2b5c29ac57" language="German" custom="readingOrder {index:4;}">
                    <Coords points="557,2009 637,2009 637,2042 557,2042"/>
                    <TextEquiv>
                        <Unicode>wohin</Unicode>
                    </TextEquiv>
                    <TextStyle fontFamily="Arial" fontSize="8.5"/>
                </Word>
                <Word id="w_w1aab1b9b2b5c29ac69" language="German" custom="readingOrder {index:5;}">
                    <Coords points="657,2008 699,2008 699,2038 657,2038"/>
                    <TextEquiv>
                        <Unicode>ein</Unicode>
                    </TextEquiv>
                    <TextStyle fontFamily="Arial" fontSize="8.5"/>
                </Word>
                <Word id="w_w1aab1b9b2b5c29ac77" language="German" custom="readingOrder {index:6;}">
                    <Coords points="713,2009 799,2009 799,2040 713,2040"/>
                    <TextEquiv>
                        <Unicode>Corps</Unicode>
                    </TextEquiv>
                    <TextStyle fontFamily="Arial" fontSize="8.5"/>
                </Word>
                <Word id="w_w1aab1b9b2b5c29ac89" language="German" custom="readingOrder {index:7;}">
                    <Coords points="813,2009 933,2009 933,2042 813,2042"/>
                    <TextEquiv>
                        <Unicode>Türken</Unicode>
                    </TextEquiv>
                    <TextStyle fontFamily="Arial" fontSize="8.5"/>
                </Word>
                <Word id="w_w1aab1b9b2b5c29ad103" language="German" custom="readingOrder {index:8;}">
                    <Coords points="950,2020 1004,2020 1004,2042 950,2042"/>
                    <TextEquiv>
                        <Unicode>vvr-</Unicode>
                    </TextEquiv>
                    <TextStyle fontFamily="Arial" fontSize="8.5"/>
                </Word>
                <TextEquiv>
                    <Unicode>ren fich gegen Ruschtschuk, wohin ein Corps Türken vvr-</Unicode>
                </TextEquiv>
                <TextStyle fontFamily="Arial" fontSize="8.5"/>
            </TextLine>
            <TextLine id="tl_33" primaryLanguage="German" custom="readingOrder {index:15;}">
                <Coords points="113,2048 1004,2048 1004,2088 113,2088"/>
                <Baseline points="113,2085 1004,2085"/>
                <Word id="w_w1aab1b9b2b5c31ab1" language="German" custom="readingOrder {index:0;}">
                    <Coords points="113,2048 262,2048 262,2085 113,2085"/>
                    <TextEquiv>
                        <Unicode>gedrungen</Unicode>
                    </TextEquiv>
                    <TextStyle fontFamily="Arial" fontSize="8.5"/>
                </Word>
                <Word id="w_w1aab1b9b2b5c31ac21" language="German" custom="readingOrder {index:1;}">
                    <Coords points="287,2058 347,2058 347,2079 287,2079"/>
                    <TextEquiv>
                        <Unicode>war.</Unicode>
                    </TextEquiv>
                    <TextStyle fontFamily="Arial" fontSize="8.5"/>
                </Word>
                <Word id="w_w1aab1b9b2b5c31ac31" language="German" custom="readingOrder {index:2;}">
                    <Coords points="387,2049 483,2049 483,2083 387,2083"/>
                    <TextEquiv>
                        <Unicode>Dieses</Unicode>
                    </TextEquiv>
                    <TextStyle fontFamily="Arial" fontSize="8.5"/>
                </Word>
                <Word id="w_w1aab1b9b2b5c31ac45" language="German" custom="readingOrder {index:3;}">
                    <Coords points="505,2052 609,2052 609,2085 505,2085"/>
                    <TextEquiv>
                        <Unicode>Gefecht</Unicode>
                    </TextEquiv>
                    <TextStyle fontFamily="Arial" fontSize="8.5"/>
                </Word>
                <Word id="w_w1aab1b9b2b5c31ac61" language="German" custom="readingOrder {index:4;}">
                    <Coords points="630,2053 673,2053 673,2083 630,2083"/>
                    <TextEquiv>
                        <Unicode>bey</Unicode>
                    </TextEquiv>
                    <TextStyle fontFamily="Arial" fontSize="8.5"/>
                </Word>
                <Word id="w_w1aab1b9b2b5c31ac69" language="German" custom="readingOrder {index:5;}">
                    <Coords points="695,2052 751,2052 751,2079 695,2079"/>
                    <TextEquiv>
                        <Unicode>dem</Unicode>
                    </TextEquiv>
                    <TextStyle fontFamily="Arial" fontSize="8.5"/>
                </Word>
                <Word id="w_w1aab1b9b2b5c31ac77" language="German" custom="readingOrder {index:6;}">
                    <Coords points="770,2050 949,2050 949,2087 770,2087"/>
                    <TextEquiv>
                        <Unicode>Türkischen</Unicode>
                    </TextEquiv>
                    <TextStyle fontFamily="Arial" fontSize="8.5"/>
                </Word>
                <Word id="w_w1aab1b9b2b5c31ac99" language="German" custom="readingOrder {index:7;}">
                    <Coords points="962,2058 1004,2058 1004,2086 962,2086"/>
                    <TextEquiv>
                        <Unicode>La¬</Unicode>
                    </TextEquiv>
                    <TextStyle fontFamily="Arial" fontSize="8.5"/>
                </Word>
                <TextEquiv>
                    <Unicode>gedrungen war. Dieses Gefecht bey dem Türkischen La¬</Unicode>
                </TextEquiv>
                <TextStyle fontFamily="Arial" fontSize="8.5"/>
            </TextLine>
            <TextLine id="tl_34" primaryLanguage="German" custom="readingOrder {index:16;}">
                <Coords points="112,2091 1002,2091 1002,2130 112,2130"/>
                <Baseline points="112,2127 1002,2127"/>
                <Word id="w_w1aab1b9b2b5c33ab1" language="German" custom="readingOrder {index:0;}">
                    <Coords points="112,2098 162,2098 162,2127 112,2127"/>
                    <TextEquiv>
                        <Unicode>ser</Unicode>
                    </TextEquiv>
                    <TextStyle fontFamily="Arial" fontSize="8.5"/>
                </Word>
                <Word id="w_w1aab1b9b2b5c33ab9" language="German" custom="readingOrder {index:1;}">
                    <Coords points="186,2091 229,2091 229,2124 186,2124"/>
                    <TextEquiv>
                        <Unicode>hat</Unicode>
                    </TextEquiv>
                    <TextStyle fontFamily="Arial" fontSize="8.5"/>
                </Word>
                <Word id="w_w1aab1b9b2b5c33ac17" language="German" custom="readingOrder {index:2;}">
                    <Coords points="251,2093 298,2093 298,2122 251,2122"/>
                    <TextEquiv>
                        <Unicode>das</Unicode>
                    </TextEquiv>
                    <TextStyle fontFamily="Arial" fontSize="8.5"/>
                </Word>
                <Word id="w_w1aab1b9b2b5c33ac25" language="German" custom="readingOrder {index:3;}">
                    <Coords points="316,2093 429,2093 429,2124 316,2124"/>
                    <TextEquiv>
                        <Unicode>Gerückt</Unicode>
                    </TextEquiv>
                    <TextStyle fontFamily="Arial" fontSize="8.5"/>
                </Word>
                <Word id="w_w1aab1b9b2b5c33ac41" language="German" custom="readingOrder {index:4;}">
                    <Coords points="453,2093 479,2093 479,2122 453,2122"/>
                    <TextEquiv>
                        <Unicode>in</Unicode>
                    </TextEquiv>
                    <TextStyle fontFamily="Arial" fontSize="8.5"/>
                </Word>
                <Word id="w_w1aab1b9b2b5c33ac47" language="German" custom="readingOrder {index:5;}">
                    <Coords points="505,2093 562,2093 562,2124 505,2124"/>
                    <TextEquiv>
                        <Unicode>eine</Unicode>
                    </TextEquiv>
                    <TextStyle fontFamily="Arial" fontSize="8.5"/>
                </Word>
                <Word id="w_w1aab1b9b2b5c33ac57" language="German" custom="readingOrder {index:6;}">
                    <Coords points="581,2095 653,2095 653,2129 581,2129"/>
                    <TextEquiv>
                        <Unicode>große</Unicode>
                    </TextEquiv>
                    <TextStyle fontFamily="Arial" fontSize="8.5"/>
                </Word>
                <Word id="w_w1aab1b9b2b5c33ac69" language="German" custom="readingOrder {index:7;}">
                    <Coords points="668,2093 786,2093 786,2123 668,2123"/>
                    <TextEquiv>
                        <Unicode>Schlacht</Unicode>
                    </TextEquiv>
                    <TextStyle fontFamily="Arial" fontSize="8.5"/>
                </Word>
                <Word id="w_w1aab1b9b2b5c33ac87" language="German" custom="readingOrder {index:8;}">
                    <Coords points="807,2095 1002,2095 1002,2127 807,2127"/>
                    <TextEquiv>
                        <Unicode>umgewandelr.</Unicode>
                    </TextEquiv>
                    <TextStyle fontFamily="Arial" fontSize="8.5"/>
                </Word>
                <TextEquiv>
                    <Unicode>ser hat das Gerückt in eine große Schlacht umgewandelr.</Unicode>
                </TextEquiv>
                <TextStyle fontFamily="Arial" fontSize="8.5"/>
            </TextLine>
            <TextLine id="tl_35" primaryLanguage="German" custom="readingOrder {index:17;}">
                <Coords points="112,2133 992,2133 992,2173 112,2173"/>
                <Baseline points="112,2169 992,2169"/>
                <Word id="w_w1aab1b9b2b5c35ab1" language="German" custom="readingOrder {index:0;}">
                    <Coords points="112,2137 190,2137 190,2167 112,2167"/>
                    <TextEquiv>
                        <Unicode>Mau</Unicode>
                    </TextEquiv>
                    <TextStyle fontFamily="Arial" fontSize="8.5"/>
                </Word>
                <Word id="w_w1aab1b9b2b5c35ab9" language="German" custom="readingOrder {index:1;}">
                    <Coords points="209,2136 252,2136 252,2167 209,2167"/>
                    <TextEquiv>
                        <Unicode>hat</Unicode>
                    </TextEquiv>
                    <TextStyle fontFamily="Arial" fontSize="8.5"/>
                </Word>
                <Word id="w_w1aab1b9b2b5c35ac17" language="German" custom="readingOrder {index:2;}">
                    <Coords points="269,2138 326,2138 326,2167 269,2167"/>
                    <TextEquiv>
                        <Unicode>auch</Unicode>
                    </TextEquiv>
                    <TextStyle fontFamily="Arial" fontSize="8.5"/>
                </Word>
                <Word id="w_w1aab1b9b2b5c35ac27" language="German" custom="readingOrder {index:3;}">
                    <Coords points="347,2136 412,2136 412,2166 347,2166"/>
                    <TextEquiv>
                        <Unicode>nickt</Unicode>
                    </TextEquiv>
                    <TextStyle fontFamily="Arial" fontSize="8.5"/>
                </Word>
                <Word id="w_w1aab1b9b2b5c35ac39" language="German" custom="readingOrder {index:4;}">
                    <Coords points="428,2137 598,2137 598,2172 428,2172"/>
                    <TextEquiv>
                        <Unicode>Bestätigung</Unicode>
                    </TextEquiv>
                    <TextStyle fontFamily="Arial" fontSize="8.5"/>
                </Word>
                <Word id="w_w1aab1b9b2b5c35ac63" language="German" custom="readingOrder {index:5;}">
                    <Coords points="616,2139 744,2139 744,2171 616,2171"/>
                    <TextEquiv>
                        <Unicode>erhalten,</Unicode>
                    </TextEquiv>
                    <TextStyle fontFamily="Arial" fontSize="8.5"/>
                </Word>
                <Word id="w_w1aab1b9b2b5c35ac83" language="German" custom="readingOrder {index:6;}">
                    <Coords points="765,2135 813,2135 813,2165 765,2165"/>
                    <TextEquiv>
                        <Unicode>daß</Unicode>
                    </TextEquiv>
                    <TextStyle fontFamily="Arial" fontSize="8.5"/>
                </Word>
                <Word id="w_w1aab1b9b2b5c35ac91" language="German" custom="readingOrder {index:7;}">
                    <Coords points="830,2136 876,2136 876,2165 830,2165"/>
                    <TextEquiv>
                        <Unicode>das</Unicode>
                    </TextEquiv>
                    <TextStyle fontFamily="Arial" fontSize="8.5"/>
                </Word>
                <Word id="w_w1aab1b9b2b5c35ac99" language="German" custom="readingOrder {index:8;}">
                    <Coords points="894,2147 992,2147 992,2171 894,2171"/>
                    <TextEquiv>
                        <Unicode>15,000</Unicode>
                    </TextEquiv>
                    <TextStyle fontFamily="Arial" fontSize="8.5"/>
                </Word>
                <TextEquiv>
                    <Unicode>Mau hat auch nickt Bestätigung erhalten, daß das 15,000</Unicode>
                </TextEquiv>
                <TextStyle fontFamily="Arial" fontSize="8.5"/>
            </TextLine>
            <TextLine id="tl_36" primaryLanguage="German" custom="readingOrder {index:18;}">
                <Coords points="108,2176 1002,2176 1002,2216 108,2216"/>
                <Baseline points="108,2213 1002,2213"/>
                <Word id="w_w1aab1b9b2b5c37ab1" language="German" custom="readingOrder {index:0;}">
                    <Coords points="108,2179 206,2179 206,2208 108,2208"/>
                    <TextEquiv>
                        <Unicode>Mann</Unicode>
                    </TextEquiv>
                    <TextStyle fontFamily="Arial" fontSize="8.5"/>
                </Word>
                <Word id="w_w1aab1b9b2b5c37ac11" language="German" custom="readingOrder {index:1;}">
                    <Coords points="230,2180 303,2180 303,2212 230,2212"/>
                    <TextEquiv>
                        <Unicode>starke</Unicode>
                    </TextEquiv>
                    <TextStyle fontFamily="Arial" fontSize="8.5"/>
                </Word>
                <Word id="w_w1aab1b9b2b5c37ac25" language="German" custom="readingOrder {index:2;}">
                    <Coords points="321,2177 467,2177 467,2214 321,2214"/>
                    <TextEquiv>
                        <Unicode>Russische</Unicode>
                    </TextEquiv>
                    <TextStyle fontFamily="Arial" fontSize="8.5"/>
                </Word>
                <Word id="w_w1aab1b9b2b5c37ac45" language="German" custom="readingOrder {index:3;}">
                    <Coords points="483,2182 568,2182 568,2213 483,2213"/>
                    <TextEquiv>
                        <Unicode>CorpS</Unicode>
                    </TextEquiv>
                    <TextStyle fontFamily="Arial" fontSize="8.5"/>
                </Word>
                <Word id="w_w1aab1b9b2b5c37ac57" language="German" custom="readingOrder {index:4;}">
                    <Coords points="584,2182 628,2182 628,2213 584,2213"/>
                    <TextEquiv>
                        <Unicode>bey</Unicode>
                    </TextEquiv>
                    <TextStyle fontFamily="Arial" fontSize="8.5"/>
                </Word>
                <Word id="w_w1aab1b9b2b5c37ac65" language="German" custom="readingOrder {index:5;}">
                    <Coords points="646,2178 838,2178 838,2214 646,2214"/>
                    <TextEquiv>
                        <Unicode>Ruschtschuk</Unicode>
                    </TextEquiv>
                    <TextStyle fontFamily="Arial" fontSize="8.5"/>
                </Word>
                <Word id="w_w1aab1b9b2b5c37ac89" language="German" custom="readingOrder {index:6;}">
                    <Coords points="856,2178 881,2178 881,2207 856,2207"/>
                    <TextEquiv>
                        <Unicode>kn</Unicode>
                    </TextEquiv>
                    <TextStyle fontFamily="Arial" fontSize="8.5"/>
                </Word>
                <Word id="w_w1aab1b9b2b5c37ac95" language="German" custom="readingOrder {index:7;}">
                    <Coords points="902,2182 1002,2182 1002,2213 902,2213"/>
                    <TextEquiv>
                        <Unicode>Gefahr</Unicode>
                    </TextEquiv>
                    <TextStyle fontFamily="Arial" fontSize="8.5"/>
                </Word>
                <TextEquiv>
                    <Unicode>Mann starke Russische CorpS bey Ruschtschuk kn Gefahr</Unicode>
                </TextEquiv>
                <TextStyle fontFamily="Arial" fontSize="8.5"/>
            </TextLine>
            <TextLine id="tl_37" primaryLanguage="German" custom="readingOrder {index:19;}">
                <Coords points="105,2218 1000,2218 1000,2259 105,2259"/>
                <Baseline points="105,2256 1000,2256"/>
                <Word id="w_w1aab1b9b2b5c39ab1" language="German" custom="readingOrder {index:0;}">
                    <Coords points="105,2219 234,2219 234,2254 105,2254"/>
                    <TextEquiv>
                        <Unicode>schwebe,</Unicode>
                    </TextEquiv>
                    <TextStyle fontFamily="Arial" fontSize="8.5"/>
                </Word>
                <Word id="w_w1aab1b9b2b5c39ac19" language="German" custom="readingOrder {index:1;}">
                    <Coords points="265,2230 324,2230 324,2256 265,2256"/>
                    <TextEquiv>
                        <Unicode>ganz</Unicode>
                    </TextEquiv>
                    <TextStyle fontFamily="Arial" fontSize="8.5"/>
                </Word>
                <Word id="w_w1aab1b9b2b5c39ac29" language="German" custom="readingOrder {index:2;}">
                    <Coords points="346,2223 531,2223 531,2255 346,2255"/>
                    <TextEquiv>
                        <Unicode>abgeschnitteu</Unicode>
                    </TextEquiv>
                    <TextStyle fontFamily="Arial" fontSize="8.5"/>
                </Word>
                <Word id="w_w1aab1b9b2b5c39ac57" language="German" custom="readingOrder {index:3;}">
                    <Coords points="554,2233 582,2233 582,2257 554,2257"/>
                    <TextEquiv>
                        <Unicode>zu</Unicode>
                    </TextEquiv>
                    <TextStyle fontFamily="Arial" fontSize="8.5"/>
                </Word>
                <Word id="w_w1aab1b9b2b5c39ac63" language="German" custom="readingOrder {index:4;}">
                    <Coords points="604,2226 727,2226 727,2258 604,2258"/>
                    <TextEquiv>
                        <Unicode>werden,-</Unicode>
                    </TextEquiv>
                    <TextStyle fontFamily="Arial" fontSize="8.5"/>
                </Word>
                <Word id="w_w1aab1b9b2b5c39ac81" language="German" custom="readingOrder {index:5;}">
                    <Coords points="751,2225 807,2225 807,2250 751,2250"/>
                    <TextEquiv>
                        <Unicode>nock</Unicode>
                    </TextEquiv>
                    <TextStyle fontFamily="Arial" fontSize="8.5"/>
                </Word>
                <Word id="w_w1aab1b9b2b5c39ac91" language="German" custom="readingOrder {index:6;}">
                    <Coords points="829,2222 875,2222 875,2255 829,2255"/>
                    <TextEquiv>
                        <Unicode>daß</Unicode>
                    </TextEquiv>
                    <TextStyle fontFamily="Arial" fontSize="8.5"/>
                </Word>
                <Word id="w_w1aab1b9b2b5c39ac99" language="German" custom="readingOrder {index:7;}">
                    <Coords points="896,2221 999,2221 999,2255 896,2255"/>
                    <TextEquiv>
                        <Unicode>sschdie</Unicode>
                    </TextEquiv>
                    <TextStyle fontFamily="Arial" fontSize="8.5"/>
                </Word>
                <TextEquiv>
                    <Unicode>schwebe, ganz abgeschnitteu zu werden,- nock daß sschdie</Unicode>
                </TextEquiv>
                <TextStyle fontFamily="Arial" fontSize="8.5"/>
            </TextLine>
            <TextLine id="tl_38" primaryLanguage="German" custom="readingOrder {index:20;}">
                <Coords points="60,2259 1013,2259 1013,2304 60,2304"/>
                <Baseline points="60,2301 1013,2301"/>
                <Word id="w_w1aab1b9b2b5c41ab1" language="German" custom="readingOrder {index:0;}">
                    <Coords points="60,2274 74,2274 74,2280 60,2280"/>
                    <TextEquiv>
                        <Unicode>-</Unicode>
                    </TextEquiv>
                    <TextStyle fontFamily="Arial" fontSize="8.5"/>
                </Word>
                <Word id="w_w1aab1b9b2b5c41ab5" language="German" custom="readingOrder {index:1;}">
                    <Coords points="101,2259 259,2259 259,2298 101,2298"/>
                    <TextEquiv>
                        <Unicode>Russische</Unicode>
                    </TextEquiv>
                    <TextStyle fontFamily="Arial" fontSize="8.5"/>
                </Word>
                <Word id="w_w1aab1b9b2b5c41ac25" language="German" custom="readingOrder {index:2;}">
                    <Coords points="268,2269 359,2269 359,2297 268,2297"/>
                    <TextEquiv>
                        <Unicode>Armee</Unicode>
                    </TextEquiv>
                    <TextStyle fontFamily="Arial" fontSize="8.5"/>
                </Word>
                <Word id="w_w1aab1b9b2b5c41ac37" language="German" custom="readingOrder {index:3;}">
                    <Coords points="366,2264 395,2264 395,2295 366,2295"/>
                    <TextEquiv>
                        <Unicode>in</Unicode>
                    </TextEquiv>
                    <TextStyle fontFamily="Arial" fontSize="8.5"/>
                </Word>
                <Word id="w_w1aab1b9b2b5c41ac43" language="German" custom="readingOrder {index:4;}">
                    <Coords points="403,2268 492,2268 492,2296 403,2296"/>
                    <TextEquiv>
                        <Unicode>vollem</Unicode>
                    </TextEquiv>
                    <TextStyle fontFamily="Arial" fontSize="8.5"/>
                </Word>
                <Word id="w_w1aab1b9b2b5c41ac57" language="German" custom="readingOrder {index:5;}">
                    <Coords points="501,2267 611,2267 611,2303 501,2303"/>
                    <TextEquiv>
                        <Unicode>Rückzug</Unicode>
                    </TextEquiv>
                    <TextStyle fontFamily="Arial" fontSize="8.5"/>
                </Word>
                <Word id="w_w1aab1b9b2b5c41ac73" language="German" custom="readingOrder {index:6;}">
                    <Coords points="622,2269 683,2269 683,2299 622,2299"/>
                    <TextEquiv>
                        <Unicode>über</Unicode>
                    </TextEquiv>
                    <TextStyle fontFamily="Arial" fontSize="8.5"/>
                </Word>
                <Word id="w_w1aab1b9b2b5c41ac83" language="German" custom="readingOrder {index:7;}">
                    <Coords points="691,2267 731,2267 731,2299 691,2299"/>
                    <TextEquiv>
                        <Unicode>die</Unicode>
                    </TextEquiv>
                    <TextStyle fontFamily="Arial" fontSize="8.5"/>
                </Word>
                <Word id="w_w1aab1b9b2b5c41ac91" language="German" custom="readingOrder {index:8;}">
                    <Coords points="739,2267 862,2267 862,2299 739,2299"/>
                    <TextEquiv>
                        <Unicode>Donau</Unicode>
                    </TextEquiv>
                    <TextStyle fontFamily="Arial" fontSize="8.5"/>
                </Word>
                <Word id="w_w1aab1b9b2b5c41ad103" language="German" custom="readingOrder {index:9;}">
                    <Coords points="871,2267 997,2267 997,2303 871,2303"/>
                    <TextEquiv>
                        <Unicode>befinde."</Unicode>
                    </TextEquiv>
                    <TextStyle fontFamily="Arial" fontSize="8.5"/>
                </Word>
                <Word id="w_w1aab1b9b2b5c41ad123" language="German" custom="readingOrder {index:10;}">
                    <Coords points="1005,2262 1013,2262 1013,2304 1005,2304"/>
                    <TextEquiv>
                        <Unicode>j</Unicode>
                    </TextEquiv>
                    <TextStyle fontFamily="Arial" fontSize="8.5"/>
                </Word>
                <TextEquiv>
                    <Unicode>- Russische Armee in vollem Rückzug über die Donau befinde." j</Unicode>
                </TextEquiv>
                <TextStyle fontFamily="Arial" fontSize="8.5"/>
            </TextLine>
            <TextEquiv>
                <Unicode>»Man hat ziemlich abgeschmackte Gerüchte von den Kriegs-
Vorfällen in unsrer Nachbarschaft verbreitet; man har den
Großvessier bereits bis Adrianoper zurüMäügen, die
Fussen über das Gebürge Balkan setzen , die Türkische
Armee daselbst umgehen, und abscheuliche' Engpässe'durch
die Russen besetzen lassen, so daß die armen Türken, in
Verlegenheit', wohin sie sich wenden sollen, ihre Route ge¬
rade nach —Apgsburg nehmen wollten, weil auch sogar
die unbarmherzigen Aosaken-von — Frankfurt aus ihre
Schrecken bis nach Adrianopel verbreitet hätten. So
Zebiehrr der Berg oft eine Maus , und das Ganze-ist : Der
Großvessier steht bev Scdiumia kn einem stark verschanz¬
ten Lager; die Russen versuchten eine Redoute zu nehmen,
Liessen aber ivoo. Mann und die Redoute zurück, und kehr-,
ren fich gegen Ruschtschuk, wohin ein Corps Türken vvr-
gedrungen war. Dieses Gefecht bey dem Türkischen La¬
ser hat das Gerückt in eine große Schlacht umgewandelr.
Mau hat auch nickt Bestätigung erhalten, daß das 15,000
Mann starke Russische CorpS bey Ruschtschuk kn Gefahr
schwebe, ganz abgeschnitteu zu werden,- nock daß sschdie
- Russische Armee in vollem Rückzug über die Donau befinde." j</Unicode>
            </TextEquiv>
        </TextRegion>
        <TextRegion type="paragraph" id="r_6_1" custom="readingOrder {index:7;}">
            <Coords points="1346,882 1612,882 1612,915 1346,915"/>
            <TextLine id="tl_39" primaryLanguage="German" custom="readingOrder {index:0;}">
                <Coords points="1347,883 1611,883 1611,914 1347,914"/>
                <Baseline points="1347,915 1611,915"/>
                <Word id="w_w1aab1c11b2b1b1ab1" language="German" custom="readingOrder {index:0;}">
                    <Coords points="1347,883 1611,883 1611,914 1347,914"/>
                    <TextEquiv>
                        <Unicode>Schweden.</Unicode>
                    </TextEquiv>
                    <TextStyle fontFamily="Arial" fontSize="8.5"/>
                </Word>
                <TextEquiv>
                    <Unicode>Schweden.</Unicode>
                </TextEquiv>
                <TextStyle fontFamily="Arial" fontSize="8.5"/>
            </TextLine>
            <TextEquiv>
                <Unicode>Schweden.</Unicode>
            </TextEquiv>
        </TextRegion>
        <TextRegion type="paragraph" id="r_6_2" custom="readingOrder {index:8;}">
            <Coords points="1030,921 1927,921 1927,1077 1030,1077"/>
            <TextLine id="tl_40" primaryLanguage="German" custom="readingOrder {index:0;}">
                <Coords points="1071,922 1926,922 1926,962 1071,962"/>
                <Baseline points="1071,956 1926,956"/>
                <Word id="w_w1aab1c11b2b3b1ab1" language="German" custom="readingOrder {index:0;}">
                    <Coords points="1071,924 1112,924 1112,957 1071,957"/>
                    <TextEquiv>
                        <Unicode>In</Unicode>
                    </TextEquiv>
                    <TextStyle fontFamily="Arial" fontSize="8.5"/>
                </Word>
                <Word id="w_w1aab1c11b2b3b1ab7" language="German" custom="readingOrder {index:1;}">
                    <Coords points="1131,922 1215,922 1215,952 1131,952"/>
                    <TextEquiv>
                        <Unicode>einem</Unicode>
                    </TextEquiv>
                    <TextStyle fontFamily="Arial" fontSize="8.5"/>
                </Word>
                <Word id="w_w1aab1c11b2b3b1ac19" language="German" custom="readingOrder {index:2;}">
                    <Coords points="1233,924 1554,924 1554,959 1233,959"/>
                    <TextEquiv>
                        <Unicode>Frankfurter-Blatte</Unicode>
                    </TextEquiv>
                    <TextStyle fontFamily="Arial" fontSize="8.5"/>
                </Word>
                <Word id="w_w1aab1c11b2b3b1ac57" language="German" custom="readingOrder {index:3;}">
                    <Coords points="1574,928 1639,928 1639,956 1574,956"/>
                    <TextEquiv>
                        <Unicode>NeSt</Unicode>
                    </TextEquiv>
                    <TextStyle fontFamily="Arial" fontSize="8.5"/>
                </Word>
                <Word id="w_w1aab1c11b2b3b1ac67" language="German" custom="readingOrder {index:4;}">
                    <Coords points="1658,932 1738,932 1738,956 1658,956"/>
                    <TextEquiv>
                        <Unicode>man:</Unicode>
                    </TextEquiv>
                    <TextStyle fontFamily="Arial" fontSize="8.5"/>
                </Word>
                <Word id="w_w1aab1c11b2b3b1ac77" language="German" custom="readingOrder {index:5;}">
                    <Coords points="1758,928 1844,928 1844,960 1758,960"/>
                    <TextEquiv>
                        <Unicode>»Nach</Unicode>
                    </TextEquiv>
                    <TextStyle fontFamily="Arial" fontSize="8.5"/>
                </Word>
                <Word id="w_w1aab1c11b2b3b1ac89" language="German" custom="readingOrder {index:6;}">
                    <Coords points="1861,926 1926,926 1926,962 1861,962"/>
                    <TextEquiv>
                        <Unicode>Pri-</Unicode>
                    </TextEquiv>
                    <TextStyle fontFamily="Arial" fontSize="8.5"/>
                </Word>
                <TextEquiv>
                    <Unicode>In einem Frankfurter-Blatte NeSt man: »Nach Pri-</Unicode>
                </TextEquiv>
                <TextStyle fontFamily="Arial" fontSize="8.5"/>
            </TextLine>
            <TextLine id="tl_41" primaryLanguage="German" custom="readingOrder {index:1;}">
                <Coords points="1031,964 1921,964 1921,1005 1031,1005"/>
                <Baseline points="1031,998 1921,998"/>
                <Word id="w_w1aab1c11b2b3b3ab1" language="German" custom="readingOrder {index:0;}">
                    <Coords points="1031,964 1206,964 1206,997 1031,997"/>
                    <TextEquiv>
                        <Unicode>Tatberichten</Unicode>
                    </TextEquiv>
                    <TextStyle fontFamily="Arial" fontSize="8.5"/>
                </Word>
                <Word id="w_w1aab1c11b2b3b3ac27" language="German" custom="readingOrder {index:1;}">
                    <Coords points="1227,965 1278,965 1278,999 1227,999"/>
                    <TextEquiv>
                        <Unicode>sind</Unicode>
                    </TextEquiv>
                    <TextStyle fontFamily="Arial" fontSize="8.5"/>
                </Word>
                <Word id="w_w1aab1c11b2b3b3ac37" language="German" custom="readingOrder {index:2;}">
                    <Coords points="1297,966 1349,966 1349,994 1297,994"/>
                    <TextEquiv>
                        <Unicode>Se.</Unicode>
                    </TextEquiv>
                    <TextStyle fontFamily="Arial" fontSize="8.5"/>
                </Word>
                <Word id="w_w1aab1c11b2b3b3ac45" language="German" custom="readingOrder {index:3;}">
                    <Coords points="1364,967 1472,967 1472,999 1364,999"/>
                    <TextEquiv>
                        <Unicode>Durchs.</Unicode>
                    </TextEquiv>
                    <TextStyle fontFamily="Arial" fontSize="8.5"/>
                </Word>
                <Word id="w_w1aab1c11b2b3b3ac61" language="German" custom="readingOrder {index:4;}">
                    <Coords points="1490,968 1534,968 1534,997 1490,997"/>
                    <TextEquiv>
                        <Unicode>der</Unicode>
                    </TextEquiv>
                    <TextStyle fontFamily="Arial" fontSize="8.5"/>
                </Word>
                <Word id="w_w1aab1c11b2b3b3ac69" language="German" custom="readingOrder {index:5;}">
                    <Coords points="1555,969 1627,969 1627,1004 1555,1004"/>
                    <TextEquiv>
                        <Unicode>Fürst</Unicode>
                    </TextEquiv>
                    <TextStyle fontFamily="Arial" fontSize="8.5"/>
                </Word>
                <Word id="w_w1aab1c11b2b3b3ac81" language="German" custom="readingOrder {index:6;}">
                    <Coords points="1642,977 1705,977 1705,999 1642,999"/>
                    <TextEquiv>
                        <Unicode>von</Unicode>
                    </TextEquiv>
                    <TextStyle fontFamily="Arial" fontSize="8.5"/>
                </Word>
                <Word id="w_w1aab1c11b2b3b3ac89" language="German" custom="readingOrder {index:7;}">
                    <Coords points="1724,970 1921,970 1921,1003 1724,1003"/>
                    <TextEquiv>
                        <Unicode>pontecorvo</Unicode>
                    </TextEquiv>
                    <TextStyle fontFamily="Arial" fontSize="8.5"/>
                </Word>
                <TextEquiv>
                    <Unicode>Tatberichten sind Se. Durchs. der Fürst von pontecorvo</Unicode>
                </TextEquiv>
                <TextStyle fontFamily="Arial" fontSize="8.5"/>
            </TextLine>
            <TextLine id="tl_42" primaryLanguage="German" custom="readingOrder {index:2;}">
                <Coords points="1034,1007 1926,1007 1926,1047 1034,1047"/>
                <Baseline points="1034,1040 1926,1040"/>
                <Word id="w_w1aab1c11b2b3b5ab1" language="German" custom="readingOrder {index:0;}">
                    <Coords points="1034,1007 1241,1007 1241,1041 1034,1041"/>
                    <TextEquiv>
                        <Unicode>(Bernadotte),</Unicode>
                    </TextEquiv>
                    <TextStyle fontFamily="Arial" fontSize="8.5"/>
                </Word>
                <Word id="w_w1aab1c11b2b3b5ac29" language="German" custom="readingOrder {index:1;}">
                    <Coords points="1272,1013 1329,1013 1329,1039 1272,1039"/>
                    <TextEquiv>
                        <Unicode>zum</Unicode>
                    </TextEquiv>
                    <TextStyle fontFamily="Arial" fontSize="8.5"/>
                </Word>
                <Word id="w_w1aab1c11b2b3b5ac37" language="German" custom="readingOrder {index:2;}">
                    <Coords points="1348,1008 1528,1008 1528,1042 1348,1042"/>
                    <TextEquiv>
                        <Unicode>Kronprinzen</Unicode>
                    </TextEquiv>
                    <TextStyle fontFamily="Arial" fontSize="8.5"/>
                </Word>
                <Word id="w_w1aab1c11b2b3b5ac61" language="German" custom="readingOrder {index:3;}">
                    <Coords points="1551,1011 1600,1011 1600,1043 1551,1043"/>
                    <TextEquiv>
                        <Unicode>von</Unicode>
                    </TextEquiv>
                    <TextStyle fontFamily="Arial" fontSize="8.5"/>
                </Word>
                <Word id="w_w1aab1c11b2b3b5b1b1" language="German" custom="readingOrder {index:4;}">
                    <Coords points="1623,1011 1795,1011 1795,1046 1623,1046"/>
                    <TextEquiv>
                        <Unicode>Schweden</Unicode>
                    </TextEquiv>
                    <TextStyle fontFamily="Arial" fontSize="11.0" bold="true"/>
                </Word>
                <Word id="w_w1aab1c11b2b3b5b2b1" language="German" custom="readingOrder {index:5;}">
                    <Coords points="1819,1011 1926,1011 1926,1046 1819,1046"/>
                    <TextEquiv>
                        <Unicode>erwählt</Unicode>
                    </TextEquiv>
                    <TextStyle fontFamily="Arial" fontSize="8.5"/>
                </Word>
                <TextEquiv>
                    <Unicode>(Bernadotte), zum Kronprinzen von Schweden erwählt</Unicode>
                </TextEquiv>
            </TextLine>
            <TextLine id="tl_43" primaryLanguage="German" custom="readingOrder {index:3;}">
                <Coords points="1033,1048 1144,1048 1144,1076 1033,1076"/>
                <Baseline points="1033,1079 1144,1079"/>
                <Word id="w_w1aab1c11b2b3b7ab1" language="German" custom="readingOrder {index:0;}">
                    <Coords points="1033,1048 1144,1048 1144,1076 1033,1076"/>
                    <TextEquiv>
                        <Unicode>worden.</Unicode>
                    </TextEquiv>
                    <TextStyle fontFamily="Arial" fontSize="8.5"/>
                </Word>
                <TextEquiv>
                    <Unicode>worden.</Unicode>
                </TextEquiv>
                <TextStyle fontFamily="Arial" fontSize="8.5"/>
            </TextLine>
            <TextEquiv>
                <Unicode>In einem Frankfurter-Blatte NeSt man: »Nach Pri-
Tatberichten sind Se. Durchs. der Fürst von pontecorvo
(Bernadotte), zum Kronprinzen von Schweden erwählt
worden.</Unicode>
            </TextEquiv>
        </TextRegion>
        <TextRegion type="paragraph" id="r_6_3" custom="readingOrder {index:9;}">
            <Coords points="1033,1087 1927,1087 1927,1214 1033,1214"/>
            <TextLine id="tl_44" primaryLanguage="German" custom="readingOrder {index:0;}">
                <Coords points="1071,1088 1925,1088 1925,1132 1071,1132"/>
                <Baseline points="1071,1123 1925,1123"/>
                <Word id="w_w1aab1c11b2b5b1ab1" language="German" custom="readingOrder {index:0;}">
                    <Coords points="1071,1091 1138,1091 1138,1120 1071,1120"/>
                    <TextEquiv>
                        <Unicode>Auch</Unicode>
                    </TextEquiv>
                    <TextStyle fontFamily="Arial" fontSize="8.5"/>
                </Word>
                <Word id="w_w1aab1c11b2b5b1ac11" language="German" custom="readingOrder {index:1;}">
                    <Coords points="1155,1088 1194,1088 1194,1117 1155,1117"/>
                    <TextEquiv>
                        <Unicode>ein</Unicode>
                    </TextEquiv>
                    <TextStyle fontFamily="Arial" fontSize="8.5"/>
                </Word>
                <Word id="w_w1aab1c11b2b5b1ac19" language="German" custom="readingOrder {index:2;}">
                    <Coords points="1208,1090 1347,1090 1347,1122 1208,1122"/>
                    <TextEquiv>
                        <Unicode>Schreiben</Unicode>
                    </TextEquiv>
                    <TextStyle fontFamily="Arial" fontSize="8.5"/>
                </Word>
                <Word id="w_w1aab1c11b2b5b1ac39" language="German" custom="readingOrder {index:3;}">
                    <Coords points="1366,1093 1415,1093 1415,1119 1366,1119"/>
                    <TextEquiv>
                        <Unicode>aus</Unicode>
                    </TextEquiv>
                    <TextStyle fontFamily="Arial" fontSize="8.5"/>
                </Word>
                <Word id="w_w1aab1c11b2b5b1ac47" language="German" custom="readingOrder {index:4;}">
                    <Coords points="1430,1091 1640,1091 1640,1131 1430,1131"/>
                    <TextEquiv>
                        <Unicode>Ropenhatzen</Unicode>
                    </TextEquiv>
                    <TextStyle fontFamily="Arial" fontSize="8.5"/>
                </Word>
                <Word id="w_w1aab1c11b2b5b1ac71" language="German" custom="readingOrder {index:5;}">
                    <Coords points="1653,1102 1711,1102 1711,1124 1653,1124"/>
                    <TextEquiv>
                        <Unicode>vom</Unicode>
                    </TextEquiv>
                    <TextStyle fontFamily="Arial" fontSize="8.5"/>
                </Word>
                <Word id="w_w1aab1c11b2b5b1ac79" language="German" custom="readingOrder {index:6;}">
                    <Coords points="1730,1107 1774,1107 1774,1123 1730,1123"/>
                    <TextEquiv>
                        <Unicode>21.</Unicode>
                    </TextEquiv>
                    <TextStyle fontFamily="Arial" fontSize="8.5"/>
                </Word>
                <Word id="w_w1aab1c11b2b5b1ac87" language="German" custom="readingOrder {index:7;}">
                    <Coords points="1786,1097 1853,1097 1853,1128 1786,1128"/>
                    <TextEquiv>
                        <Unicode>Aug.</Unicode>
                    </TextEquiv>
                    <TextStyle fontFamily="Arial" fontSize="8.5"/>
                </Word>
                <Word id="w_w1aab1c11b2b5b1ac97" language="German" custom="readingOrder {index:8;}">
                    <Coords points="1867,1098 1925,1098 1925,1126 1867,1126"/>
                    <TextEquiv>
                        <Unicode>ent¬</Unicode>
                    </TextEquiv>
                    <TextStyle fontFamily="Arial" fontSize="8.5"/>
                </Word>
                <TextEquiv>
                    <Unicode>Auch ein Schreiben aus Ropenhatzen vom 21. Aug. ent¬</Unicode>
                </TextEquiv>
                <TextStyle fontFamily="Arial" fontSize="8.5"/>
            </TextLine>
            <TextLine id="tl_45" primaryLanguage="German" custom="readingOrder {index:1;}">
                <Coords points="1034,1130 1924,1130 1924,1174 1034,1174"/>
                <Baseline points="1034,1165 1924,1165"/>
                <Word id="w_w1aab1c11b2b5b3ab1" language="German" custom="readingOrder {index:0;}">
                    <Coords points="1034,1130 1091,1130 1091,1163 1034,1163"/>
                    <TextEquiv>
                        <Unicode>hält</Unicode>
                    </TextEquiv>
                    <TextStyle fontFamily="Arial" fontSize="8.5"/>
                </Word>
                <Word id="w_w1aab1c11b2b5b3ac11" language="German" custom="readingOrder {index:1;}">
                    <Coords points="1112,1132 1264,1132 1264,1165 1112,1165"/>
                    <TextEquiv>
                        <Unicode>wenigstens</Unicode>
                    </TextEquiv>
                    <TextStyle fontFamily="Arial" fontSize="8.5"/>
                </Word>
                <Word id="w_w1aab1c11b2b5b3ac33" language="German" custom="readingOrder {index:2;}">
                    <Coords points="1285,1132 1325,1132 1325,1161 1285,1161"/>
                    <TextEquiv>
                        <Unicode>die</Unicode>
                    </TextEquiv>
                    <TextStyle fontFamily="Arial" fontSize="8.5"/>
                </Word>
                <Word id="w_w1aab1c11b2b5b3ac41" language="German" custom="readingOrder {index:3;}">
                    <Coords points="1346,1134 1495,1134 1495,1166 1346,1166"/>
                    <TextEquiv>
                        <Unicode>Nachricht,</Unicode>
                    </TextEquiv>
                    <TextStyle fontFamily="Arial" fontSize="8.5"/>
                </Word>
                <Word id="w_w1aab1c11b2b5b3ac63" language="German" custom="readingOrder {index:4;}">
                    <Coords points="1527,1136 1574,1136 1574,1170 1527,1170"/>
                    <TextEquiv>
                        <Unicode>daß</Unicode>
                    </TextEquiv>
                    <TextStyle fontFamily="Arial" fontSize="8.5"/>
                </Word>
                <Word id="w_w1aab1c11b2b5b3ac71" language="German" custom="readingOrder {index:5;}">
                    <Coords points="1593,1137 1635,1137 1635,1173 1593,1173"/>
                    <TextEquiv>
                        <Unicode>sich</Unicode>
                    </TextEquiv>
                    <TextStyle fontFamily="Arial" fontSize="8.5"/>
                </Word>
                <Word id="w_w1aab1c11b2b5b3b1b1" language="German" custom="readingOrder {index:6;}">
                    <Coords points="1648,1137 1665,1137 1665,1166 1648,1166"/>
                    <TextEquiv>
                        <Unicode>4</Unicode>
                    </TextEquiv>
                    <TextStyle fontFamily="Arial" fontSize="11.0"/>
                </Word>
                <Word id="w_w1aab1c11b2b5b3b2b1" language="German" custom="readingOrder {index:7;}">
                    <Coords points="1665,1145 1683,1145 1683,1166 1665,1166"/>
                    <TextEquiv>
                        <Unicode>n</Unicode>
                    </TextEquiv>
                    <TextStyle fontFamily="Arial" fontSize="8.5"/>
                </Word>
                <Word id="w_w1aab1c11b2b5b3b2b5" language="German" custom="readingOrder {index:8;}">
                    <Coords points="1700,1137 1845,1137 1845,1168 1700,1168"/>
                    <TextEquiv>
                        <Unicode>Devebro</Unicode>
                    </TextEquiv>
                    <TextStyle fontFamily="Arial" fontSize="8.5"/>
                </Word>
                <Word id="w_w1aab1c11b2b5b3b2c21" language="German" custom="readingOrder {index:9;}">
                    <Coords points="1865,1137 1924,1137 1924,1167 1865,1167"/>
                    <TextEquiv>
                        <Unicode>eine</Unicode>
                    </TextEquiv>
                    <TextStyle fontFamily="Arial" fontSize="8.5"/>
                </Word>
                <TextEquiv>
                    <Unicode>hält wenigstens die Nachricht, daß sich 4n Devebro eine</Unicode>
                </TextEquiv>
            </TextLine>
            <TextLine id="tl_46" primaryLanguage="German" custom="readingOrder {index:2;}">
                <Coords points="1035,1173 1926,1173 1926,1213 1035,1213"/>
                <Baseline points="1035,1207 1926,1207"/>
                <Word id="w_w1aab1c11b2b5b5ab1" language="German" custom="readingOrder {index:0;}">
                    <Coords points="1035,1173 1111,1173 1111,1207 1035,1207"/>
                    <TextEquiv>
                        <Unicode>große</Unicode>
                    </TextEquiv>
                    <TextStyle fontFamily="Arial" fontSize="8.5"/>
                </Word>
                <Word id="w_w1aab1c11b2b5b5ac13" language="German" custom="readingOrder {index:1;}">
                    <Coords points="1127,1176 1224,1176 1224,1206 1127,1206"/>
                    <TextEquiv>
                        <Unicode>Anzahl</Unicode>
                    </TextEquiv>
                    <TextStyle fontFamily="Arial" fontSize="8.5"/>
                </Word>
                <Word id="w_w1aab1c11b2b5b5ac27" language="German" custom="readingOrder {index:2;}">
                    <Coords points="1239,1175 1377,1175 1377,1204 1239,1204"/>
                    <TextEquiv>
                        <Unicode>Stimmen</Unicode>
                    </TextEquiv>
                    <TextStyle fontFamily="Arial" fontSize="8.5"/>
                </Word>
                <Word id="w_w1aab1c11b2b5b5ac43" language="German" custom="readingOrder {index:3;}">
                    <Coords points="1397,1176 1440,1176 1440,1209 1397,1209"/>
                    <TextEquiv>
                        <Unicode>für</Unicode>
                    </TextEquiv>
                    <TextStyle fontFamily="Arial" fontSize="8.5"/>
                </Word>
                <Word id="w_w1aab1c11b2b5b5ac51" language="German" custom="readingOrder {index:4;}">
                    <Coords points="1458,1176 1592,1176 1592,1210 1458,1210"/>
                    <TextEquiv>
                        <Unicode>gedachten</Unicode>
                    </TextEquiv>
                    <TextStyle fontFamily="Arial" fontSize="8.5"/>
                </Word>
                <Word id="w_w1aab1c11b2b5b5ac71" language="German" custom="readingOrder {index:5;}">
                    <Coords points="1613,1179 1725,1179 1725,1211 1613,1211"/>
                    <TextEquiv>
                        <Unicode>Prinzen</Unicode>
                    </TextEquiv>
                    <TextStyle fontFamily="Arial" fontSize="8.5"/>
                </Word>
                <Word id="w_w1aab1c11b2b5b5ac87" language="German" custom="readingOrder {index:6;}">
                    <Coords points="1742,1178 1835,1178 1835,1208 1742,1208"/>
                    <TextEquiv>
                        <Unicode>erklärt</Unicode>
                    </TextEquiv>
                    <TextStyle fontFamily="Arial" fontSize="8.5"/>
                </Word>
                <Word id="w_w1aab1c11b2b5b5ad103" language="German" custom="readingOrder {index:7;}">
                    <Coords points="1851,1179 1926,1179 1926,1213 1851,1213"/>
                    <TextEquiv>
                        <Unicode>habe.</Unicode>
                    </TextEquiv>
                    <TextStyle fontFamily="Arial" fontSize="8.5"/>
                </Word>
                <TextEquiv>
                    <Unicode>große Anzahl Stimmen für gedachten Prinzen erklärt habe.</Unicode>
                </TextEquiv>
                <TextStyle fontFamily="Arial" fontSize="8.5"/>
            </TextLine>
            <TextEquiv>
                <Unicode>Auch ein Schreiben aus Ropenhatzen vom 21. Aug. ent¬
hält wenigstens die Nachricht, daß sich 4n Devebro eine
große Anzahl Stimmen für gedachten Prinzen erklärt habe.</Unicode>
            </TextEquiv>
        </TextRegion>
        <TextRegion type="paragraph" id="r_6_4" custom="readingOrder {index:10;}">
            <Coords points="1032,1216 1929,1216 1929,1469 1032,1469"/>
            <TextLine id="tl_47" primaryLanguage="German" custom="readingOrder {index:0;}">
                <Coords points="1071,1217 1928,1217 1928,1255 1071,1255"/>
                <Baseline points="1071,1249 1928,1249"/>
                <Word id="w_w1aab1c11b2b7b1ab1" language="German" custom="readingOrder {index:0;}">
                    <Coords points="1071,1217 1110,1217 1110,1250 1071,1250"/>
                    <TextEquiv>
                        <Unicode>Zu</Unicode>
                    </TextEquiv>
                    <TextStyle fontFamily="Arial" fontSize="8.5"/>
                </Word>
                <Word id="w_w1aab1c11b2b7b1ab7" language="German" custom="readingOrder {index:1;}">
                    <Coords points="1129,1217 1318,1217 1318,1252 1129,1252"/>
                    <TextEquiv>
                        <Unicode>Stockholm</Unicode>
                    </TextEquiv>
                    <TextStyle fontFamily="Arial" fontSize="8.5"/>
                </Word>
                <Word id="w_w1aab1c11b2b7b1ac27" language="German" custom="readingOrder {index:2;}">
                    <Coords points="1331,1225 1385,1225 1385,1247 1331,1247"/>
                    <TextEquiv>
                        <Unicode>war</Unicode>
                    </TextEquiv>
                    <TextStyle fontFamily="Arial" fontSize="8.5"/>
                </Word>
                <Word id="w_w1aab1c11b2b7b1ac35" language="German" custom="readingOrder {index:3;}">
                    <Coords points="1403,1218 1507,1218 1507,1250 1403,1250"/>
                    <TextEquiv>
                        <Unicode>kürzlich</Unicode>
                    </TextEquiv>
                    <TextStyle fontFamily="Arial" fontSize="8.5"/>
                </Word>
                <Word id="w_w1aab1c11b2b7b1ac53" language="German" custom="readingOrder {index:4;}">
                    <Coords points="1524,1224 1600,1224 1600,1249 1524,1249"/>
                    <TextEquiv>
                        <Unicode>unter</Unicode>
                    </TextEquiv>
                    <TextStyle fontFamily="Arial" fontSize="8.5"/>
                </Word>
                <Word id="w_w1aab1c11b2b7b1ac65" language="German" custom="readingOrder {index:5;}">
                    <Coords points="1616,1222 1674,1222 1674,1250 1616,1250"/>
                    <TextEquiv>
                        <Unicode>dem</Unicode>
                    </TextEquiv>
                    <TextStyle fontFamily="Arial" fontSize="8.5"/>
                </Word>
                <Word id="w_w1aab1c11b2b7b1ac73" language="German" custom="readingOrder {index:6;}">
                    <Coords points="1688,1220 1780,1220 1780,1251 1688,1251"/>
                    <TextEquiv>
                        <Unicode>Titel:</Unicode>
                    </TextEquiv>
                    <TextStyle fontFamily="Arial" fontSize="8.5"/>
                </Word>
                <Word id="w_w1aab1c11b2b7b1b1b1" language="German" custom="readingOrder {index:7;}">
                    <Coords points="1800,1220 1928,1220 1928,1255 1800,1255"/>
                    <TextEquiv>
                        <Unicode>Schrei¬</Unicode>
                    </TextEquiv>
                    <TextStyle fontFamily="Arial" fontSize="11.0" bold="true"/>
                </Word>
                <TextEquiv>
                    <Unicode>Zu Stockholm war kürzlich unter dem Titel: Schrei¬</Unicode>
                </TextEquiv>
            </TextLine>
            <TextLine id="tl_48" primaryLanguage="German" custom="readingOrder {index:1;}">
                <Coords points="1034,1255 1924,1255 1924,1299 1034,1299"/>
                <Baseline points="1034,1293 1924,1293"/>
                <Word id="w_w1aab1c11b2b7b3ab1" language="German" custom="readingOrder {index:0;}">
                    <Coords points="1034,1255 1089,1255 1089,1287 1034,1287"/>
                    <TextEquiv>
                        <Unicode>ten</Unicode>
                    </TextEquiv>
                    <TextStyle fontFamily="Arial" fontSize="8.5"/>
                </Word>
                <Word id="w_w1aab1c11b2b7b3ab9" language="German" custom="readingOrder {index:1;}">
                    <Coords points="1108,1267 1169,1267 1169,1288 1108,1288"/>
                    <TextEquiv>
                        <Unicode>aus</Unicode>
                    </TextEquiv>
                    <TextStyle fontFamily="Arial" fontSize="8.5"/>
                </Word>
                <Word id="w_w1aab1c11b2b7b3ac17" language="German" custom="readingOrder {index:2;}">
                    <Coords points="1184,1261 1350,1261 1350,1293 1184,1293"/>
                    <TextEquiv>
                        <Unicode>Pommern</Unicode>
                    </TextEquiv>
                    <TextStyle fontFamily="Arial" fontSize="8.5"/>
                </Word>
                <Word id="w_w1aab1c11b2b7b3ac33" language="German" custom="readingOrder {index:3;}">
                    <Coords points="1369,1268 1408,1268 1408,1290 1369,1290"/>
                    <TextEquiv>
                        <Unicode>an</Unicode>
                    </TextEquiv>
                    <TextStyle fontFamily="Arial" fontSize="8.5"/>
                </Word>
                <Word id="w_w1aab1c11b2b7b3ac39" language="German" custom="readingOrder {index:4;}">
                    <Coords points="1429,1262 1514,1262 1514,1290 1429,1290"/>
                    <TextEquiv>
                        <Unicode>einen</Unicode>
                    </TextEquiv>
                    <TextStyle fontFamily="Arial" fontSize="8.5"/>
                </Word>
                <Word id="w_w1aab1c11b2b7b3ac51" language="German" custom="readingOrder {index:5;}">
                    <Coords points="1535,1263 1660,1263 1660,1298 1535,1298"/>
                    <TextEquiv>
                        <Unicode>Freund</Unicode>
                    </TextEquiv>
                    <TextStyle fontFamily="Arial" fontSize="8.5"/>
                </Word>
                <Word id="w_w1aab1c11b2b7b3ac65" language="German" custom="readingOrder {index:6;}">
                    <Coords points="1680,1262 1712,1262 1712,1294 1680,1294"/>
                    <TextEquiv>
                        <Unicode>in</Unicode>
                    </TextEquiv>
                    <TextStyle fontFamily="Arial" fontSize="8.5"/>
                </Word>
                <Word id="w_w1aab1c11b2b7b3b1b1" language="German" custom="readingOrder {index:7;}">
                    <Coords points="1735,1262 1924,1262 1924,1296 1735,1296"/>
                    <TextEquiv>
                        <Unicode>Schweden,</Unicode>
                    </TextEquiv>
                    <TextStyle fontFamily="Arial" fontSize="11.0" bold="true"/>
                </Word>
                <TextEquiv>
                    <Unicode>ten aus Pommern an einen Freund in Schweden,</Unicode>
                </TextEquiv>
            </TextLine>
            <TextLine id="tl_49" primaryLanguage="German" custom="readingOrder {index:2;}">
                <Coords points="1035,1299 1926,1299 1926,1340 1035,1340"/>
                <Baseline points="1035,1333 1926,1333"/>
                <Word id="w_w1aab1c11b2b7b5ab1" language="German" custom="readingOrder {index:0;}">
                    <Coords points="1035,1299 1091,1299 1091,1328 1035,1328"/>
                    <TextEquiv>
                        <Unicode>eine</Unicode>
                    </TextEquiv>
                    <TextStyle fontFamily="Arial" fontSize="8.5"/>
                </Word>
                <Word id="w_w1aab1c11b2b7b5ac11" language="German" custom="readingOrder {index:1;}">
                    <Coords points="1116,1300 1194,1300 1194,1329 1116,1329"/>
                    <TextEquiv>
                        <Unicode>kleine</Unicode>
                    </TextEquiv>
                    <TextStyle fontFamily="Arial" fontSize="8.5"/>
                </Word>
                <Word id="w_w1aab1c11b2b7b5ac25" language="German" custom="readingOrder {index:2;}">
                    <Coords points="1219,1301 1360,1301 1360,1335 1219,1335"/>
                    <TextEquiv>
                        <Unicode>Broschüre</Unicode>
                    </TextEquiv>
                    <TextStyle fontFamily="Arial" fontSize="8.5"/>
                </Word>
                <Word id="w_w1aab1c11b2b7b5ac45" language="German" custom="readingOrder {index:3;}">
                    <Coords points="1384,1303 1544,1303 1544,1336 1384,1336"/>
                    <TextEquiv>
                        <Unicode>erschienen,</Unicode>
                    </TextEquiv>
                    <TextStyle fontFamily="Arial" fontSize="8.5"/>
                </Word>
                <Word id="w_w1aab1c11b2b7b5ac69" language="German" custom="readingOrder {index:4;}">
                    <Coords points="1576,1307 1665,1307 1665,1337 1576,1337"/>
                    <TextEquiv>
                        <Unicode>welche</Unicode>
                    </TextEquiv>
                    <TextStyle fontFamily="Arial" fontSize="8.5"/>
                </Word>
                <Word id="w_w1aab1c11b2b7b5ac83" language="German" custom="readingOrder {index:5;}">
                    <Coords points="1692,1305 1749,1305 1749,1334 1692,1334"/>
                    <TextEquiv>
                        <Unicode>eine</Unicode>
                    </TextEquiv>
                    <TextStyle fontFamily="Arial" fontSize="8.5"/>
                </Word>
                <Word id="w_w1aab1c11b2b7b5ac93" language="German" custom="readingOrder {index:6;}">
                    <Coords points="1773,1304 1926,1304 1926,1340 1773,1340"/>
                    <TextEquiv>
                        <Unicode>betrübend-</Unicode>
                    </TextEquiv>
                    <TextStyle fontFamily="Arial" fontSize="8.5"/>
                </Word>
                <TextEquiv>
                    <Unicode>eine kleine Broschüre erschienen, welche eine betrübend-</Unicode>
                </TextEquiv>
                <TextStyle fontFamily="Arial" fontSize="8.5"/>
            </TextLine>
            <TextLine id="tl_50" primaryLanguage="German" custom="readingOrder {index:3;}">
                <Coords points="1035,1343 1925,1343 1925,1382 1035,1382"/>
                <Baseline points="1035,1376 1925,1376"/>
                <Word id="w_w1aab1c11b2b7b7ab1" language="German" custom="readingOrder {index:0;}">
                    <Coords points="1035,1343 1199,1343 1199,1377 1035,1377"/>
                    <TextEquiv>
                        <Unicode>Darstellung</Unicode>
                    </TextEquiv>
                    <TextStyle fontFamily="Arial" fontSize="8.5"/>
                </Word>
                <Word id="w_w1aab1c11b2b7b7ac25" language="German" custom="readingOrder {index:1;}">
                    <Coords points="1211,1345 1254,1345 1254,1372 1211,1372"/>
                    <TextEquiv>
                        <Unicode>der</Unicode>
                    </TextEquiv>
                    <TextStyle fontFamily="Arial" fontSize="8.5"/>
                </Word>
                <Word id="w_w1aab1c11b2b7b7ac33" language="German" custom="readingOrder {index:2;}">
                    <Coords points="1267,1344 1359,1344 1359,1377 1267,1377"/>
                    <TextEquiv>
                        <Unicode>großen</Unicode>
                    </TextEquiv>
                    <TextStyle fontFamily="Arial" fontSize="8.5"/>
                </Word>
                <Word id="w_w1aab1c11b2b7b7ac47" language="German" custom="readingOrder {index:3;}">
                    <Coords points="1369,1346 1504,1346 1504,1379 1369,1379"/>
                    <TextEquiv>
                        <Unicode>Verluste',</Unicode>
                    </TextEquiv>
                    <TextStyle fontFamily="Arial" fontSize="8.5"/>
                </Word>
                <Word id="w_w1aab1c11b2b7b7ac69" language="German" custom="readingOrder {index:4;}">
                    <Coords points="1526,1347 1564,1347 1564,1376 1526,1376"/>
                    <TextEquiv>
                        <Unicode>die</Unicode>
                    </TextEquiv>
                    <TextStyle fontFamily="Arial" fontSize="8.5"/>
                </Word>
                <Word id="w_w1aab1c11b2b7b7ac77" language="German" custom="readingOrder {index:5;}">
                    <Coords points="1578,1348 1648,1348 1648,1379 1578,1379"/>
                    <TextEquiv>
                        <Unicode>vor</Unicode>
                    </TextEquiv>
                    <TextStyle fontFamily="Arial" fontSize="8.5"/>
                </Word>
                <Word id="w_w1aab1c11b2b7b7ac85" language="German" custom="readingOrder {index:6;}">
                    <Coords points="1657,1359 1665,1359 1665,1375 1657,1375"/>
                    <TextEquiv>
                        <Unicode>-</Unicode>
                    </TextEquiv>
                    <TextStyle fontFamily="Arial" fontSize="8.5"/>
                </Word>
                <Word id="w_w1aab1c11b2b7b7ac89" language="German" custom="readingOrder {index:7;}">
                    <Coords points="1674,1349 1843,1349 1843,1381 1674,1381"/>
                    <TextEquiv>
                        <Unicode>Pommern</Unicode>
                    </TextEquiv>
                    <TextStyle fontFamily="Arial" fontSize="8.5"/>
                </Word>
                <Word id="w_w1aab1c11b2b7b7ad105" language="German" custom="readingOrder {index:8;}">
                    <Coords points="1855,1349 1925,1349 1925,1381 1855,1381"/>
                    <TextEquiv>
                        <Unicode>wah¬</Unicode>
                    </TextEquiv>
                    <TextStyle fontFamily="Arial" fontSize="8.5"/>
                </Word>
                <TextEquiv>
                    <Unicode>Darstellung der großen Verluste', die vor - Pommern wah¬</Unicode>
                </TextEquiv>
                <TextStyle fontFamily="Arial" fontSize="8.5"/>
            </TextLine>
            <TextLine id="tl_51" primaryLanguage="German" custom="readingOrder {index:4;}">
                <Coords points="1033,1385 1922,1385 1922,1426 1033,1426"/>
                <Baseline points="1033,1418 1922,1418"/>
                <Word id="w_w1aab1c11b2b7b9ab1" language="German" custom="readingOrder {index:0;}">
                    <Coords points="1033,1385 1095,1385 1095,1412 1033,1412"/>
                    <TextEquiv>
                        <Unicode>rend</Unicode>
                    </TextEquiv>
                    <TextStyle fontFamily="Arial" fontSize="8.5"/>
                </Word>
                <Word id="w_w1aab1c11b2b7b9ac11" language="German" custom="readingOrder {index:1;}">
                    <Coords points="1120,1386 1165,1386 1165,1413 1120,1413"/>
                    <TextEquiv>
                        <Unicode>des</Unicode>
                    </TextEquiv>
                    <TextStyle fontFamily="Arial" fontSize="8.5"/>
                </Word>
                <Word id="w_w1aab1c11b2b7b9ac19" language="German" custom="readingOrder {index:2;}">
                    <Coords points="1185,1386 1271,1386 1271,1420 1185,1420"/>
                    <TextEquiv>
                        <Unicode>letzten</Unicode>
                    </TextEquiv>
                    <TextStyle fontFamily="Arial" fontSize="8.5"/>
                </Word>
                <Word id="w_w1aab1c11b2b7b9ac35" language="German" custom="readingOrder {index:3;}">
                    <Coords points="1295,1386 1404,1386 1404,1420 1295,1420"/>
                    <TextEquiv>
                        <Unicode>Krieges</Unicode>
                    </TextEquiv>
                    <TextStyle fontFamily="Arial" fontSize="8.5"/>
                </Word>
                <Word id="w_w1aab1c11b2b7b9ac51" language="German" custom="readingOrder {index:4;}">
                    <Coords points="1421,1387 1529,1387 1529,1417 1421,1417"/>
                    <TextEquiv>
                        <Unicode>erlitten</Unicode>
                    </TextEquiv>
                    <TextStyle fontFamily="Arial" fontSize="8.5"/>
                </Word>
                <Word id="w_w1aab1c11b2b7b9ac69" language="German" custom="readingOrder {index:5;}">
                    <Coords points="1546,1391 1607,1391 1607,1422 1546,1422"/>
                    <TextEquiv>
                        <Unicode>hat,</Unicode>
                    </TextEquiv>
                    <TextStyle fontFamily="Arial" fontSize="8.5"/>
                </Word>
                <Word id="w_w1aab1c11b2b7b9ac79" language="German" custom="readingOrder {index:6;}">
                    <Coords points="1628,1389 1739,1389 1739,1423 1628,1423"/>
                    <TextEquiv>
                        <Unicode>enthält.</Unicode>
                    </TextEquiv>
                    <TextStyle fontFamily="Arial" fontSize="8.5"/>
                </Word>
                <Word id="w_w1aab1c11b2b7b9ac97" language="German" custom="readingOrder {index:7;}">
                    <Coords points="1778,1390 1922,1390 1922,1425 1778,1425"/>
                    <TextEquiv>
                        <Unicode>Folgende-</Unicode>
                    </TextEquiv>
                    <TextStyle fontFamily="Arial" fontSize="8.5"/>
                </Word>
                <TextEquiv>
                    <Unicode>rend des letzten Krieges erlitten hat, enthält. Folgende-</Unicode>
                </TextEquiv>
                <TextStyle fontFamily="Arial" fontSize="8.5"/>
            </TextLine>
            <TextLine id="tl_52" primaryLanguage="German" custom="readingOrder {index:5;}">
                <Coords points="1034,1426 1733,1426 1733,1468 1034,1468"/>
                <Baseline points="1034,1461 1733,1461"/>
                <Word id="w_w1aab1c11b2b7c11ab1" language="German" custom="readingOrder {index:0;}">
                    <Coords points="1034,1426 1062,1426 1062,1458 1034,1458"/>
                    <TextEquiv>
                        <Unicode>ist</Unicode>
                    </TextEquiv>
                    <TextStyle fontFamily="Arial" fontSize="8.5"/>
                </Word>
                <Word id="w_w1aab1c11b2b7c11ab9" language="German" custom="readingOrder {index:1;}">
                    <Coords points="1082,1426 1205,1426 1205,1461 1082,1461"/>
                    <TextEquiv>
                        <Unicode>ungefähr</Unicode>
                    </TextEquiv>
                    <TextStyle fontFamily="Arial" fontSize="8.5"/>
                </Word>
                <Word id="w_w1aab1c11b2b7c11ac27" language="German" custom="readingOrder {index:2;}">
                    <Coords points="1225,1428 1265,1428 1265,1457 1225,1457"/>
                    <TextEquiv>
                        <Unicode>die</Unicode>
                    </TextEquiv>
                    <TextStyle fontFamily="Arial" fontSize="8.5"/>
                </Word>
                <Word id="w_w1aab1c11b2b7c11ac35" language="German" custom="readingOrder {index:3;}">
                    <Coords points="1283,1430 1472,1430 1472,1464 1283,1464"/>
                    <TextEquiv>
                        <Unicode>Hauptsnmme</Unicode>
                    </TextEquiv>
                    <TextStyle fontFamily="Arial" fontSize="8.5"/>
                </Word>
                <Word id="w_w1aab1c11b2b7c11ac57" language="German" custom="readingOrder {index:4;}">
                    <Coords points="1494,1431 1579,1431 1579,1464 1494,1464"/>
                    <TextEquiv>
                        <Unicode>seines</Unicode>
                    </TextEquiv>
                    <TextStyle fontFamily="Arial" fontSize="8.5"/>
                </Word>
                <Word id="w_w1aab1c11b2b7c11ac71" language="German" custom="readingOrder {index:5;}">
                    <Coords points="1599,1434 1733,1434 1733,1468 1599,1468"/>
                    <TextEquiv>
                        <Unicode>Inhalt-:</Unicode>
                    </TextEquiv>
                    <TextStyle fontFamily="Arial" fontSize="8.5"/>
                </Word>
                <TextEquiv>
                    <Unicode>ist ungefähr die Hauptsnmme seines Inhalt-:</Unicode>
                </TextEquiv>
                <TextStyle fontFamily="Arial" fontSize="8.5"/>
            </TextLine>
            <TextEquiv>
                <Unicode>Zu Stockholm war kürzlich unter dem Titel: Schrei¬
ten aus Pommern an einen Freund in Schweden,
eine kleine Broschüre erschienen, welche eine betrübend-
Darstellung der großen Verluste', die vor - Pommern wah¬
rend des letzten Krieges erlitten hat, enthält. Folgende-
ist ungefähr die Hauptsnmme seines Inhalt-:</Unicode>
            </TextEquiv>
        </TextRegion>
        <TextRegion type="paragraph" id="r_6_5" custom="readingOrder {index:11;}">
            <Coords points="1756,1474 1926,1474 1926,1513 1756,1513"/>
            <TextLine id="tl_53" primaryLanguage="German" custom="readingOrder {index:0;}">
                <Coords points="1757,1475 1925,1475 1925,1512 1757,1512"/>
                <Baseline points="1757,1505 1925,1505"/>
                <Word id="w_w1aab1c11b2b9b1ab1" language="German" custom="readingOrder {index:0;}">
                    <Coords points="1757,1475 1848,1475 1848,1510 1757,1510"/>
                    <TextEquiv>
                        <Unicode>Rthlr.</Unicode>
                    </TextEquiv>
                    <TextStyle fontFamily="Arial" fontSize="11.0" bold="true"/>
                </Word>
                <Word id="w_w1aab1c11b2b9b1ac15" language="German" custom="readingOrder {index:1;}">
                    <Coords points="1888,1476 1925,1476 1925,1512 1888,1512"/>
                    <TextEquiv>
                        <Unicode>ßl,</Unicode>
                    </TextEquiv>
                    <TextStyle fontFamily="Arial" fontSize="11.0" bold="true"/>
                </Word>
                <TextEquiv>
                    <Unicode>Rthlr. ßl,</Unicode>
                </TextEquiv>
                <TextStyle fontFamily="Arial" fontSize="11.0" bold="true"/>
            </TextLine>
            <TextEquiv>
                <Unicode>Rthlr. ßl,</Unicode>
            </TextEquiv>
        </TextRegion>
        <TextRegion type="paragraph" id="r_6_6" custom="readingOrder {index:12;}">
            <Coords points="1026,1508 1863,1508 1863,1640 1026,1640"/>
            <TextLine id="tl_54" primaryLanguage="German" custom="readingOrder {index:0;}">
                <Coords points="1027,1509 1678,1509 1678,1550 1027,1550"/>
                <Baseline points="1027,1548 1678,1548"/>
                <Word id="w_w1aab1c11b2c11b1ab1" language="German" custom="readingOrder {index:0;}">
                    <Coords points="1027,1509 1031,1509 1031,1538 1027,1538"/>
                    <TextEquiv>
                        <Unicode>!</Unicode>
                    </TextEquiv>
                    <TextStyle fontFamily="Arial" fontSize="8.5"/>
                </Word>
                <Word id="w_w1aab1c11b2c11b1ab5" language="German" custom="readingOrder {index:1;}">
                    <Coords points="1080,1510 1132,1510 1132,1544 1080,1544"/>
                    <TextEquiv>
                        <Unicode>Für</Unicode>
                    </TextEquiv>
                    <TextStyle fontFamily="Arial" fontSize="8.5"/>
                </Word>
                <Word id="w_w1aab1c11b2c11b1ac13" language="German" custom="readingOrder {index:2;}">
                    <Coords points="1146,1511 1192,1511 1192,1538 1146,1538"/>
                    <TextEquiv>
                        <Unicode>den</Unicode>
                    </TextEquiv>
                    <TextStyle fontFamily="Arial" fontSize="8.5"/>
                </Word>
                <Word id="w_w1aab1c11b2c11b1ac21" language="German" custom="readingOrder {index:3;}">
                    <Coords points="1203,1512 1337,1512 1337,1544 1203,1544"/>
                    <TextEquiv>
                        <Unicode>Unterhalt</Unicode>
                    </TextEquiv>
                    <TextStyle fontFamily="Arial" fontSize="8.5"/>
                </Word>
                <Word id="w_w1aab1c11b2c11b1ac41" language="German" custom="readingOrder {index:4;}">
                    <Coords points="1349,1512 1395,1512 1395,1542 1349,1542"/>
                    <TextEquiv>
                        <Unicode>des</Unicode>
                    </TextEquiv>
                    <TextStyle fontFamily="Arial" fontSize="8.5"/>
                </Word>
                <Word id="w_w1aab1c11b2c11b1ac49" language="German" custom="readingOrder {index:5;}">
                    <Coords points="1406,1514 1550,1514 1550,1548 1406,1548"/>
                    <TextEquiv>
                        <Unicode>Militärs,</Unicode>
                    </TextEquiv>
                    <TextStyle fontFamily="Arial" fontSize="8.5"/>
                </Word>
                <Word id="w_w1aab1c11b2c11b1ac69" language="German" custom="readingOrder {index:6;}">
                    <Coords points="1571,1521 1678,1521 1678,1550 1571,1550"/>
                    <TextEquiv>
                        <Unicode>welche-</Unicode>
                    </TextEquiv>
                    <TextStyle fontFamily="Arial" fontSize="8.5"/>
                </Word>
                <TextEquiv>
                    <Unicode>! Für den Unterhalt des Militärs, welche-</Unicode>
                </TextEquiv>
                <TextStyle fontFamily="Arial" fontSize="8.5"/>
            </TextLine>
            <TextLine id="tl_55" primaryLanguage="German" custom="readingOrder {index:1;}">
                <Coords points="1028,1553 1680,1553 1680,1594 1028,1594"/>
                <Baseline points="1028,1588 1680,1588"/>
                <Word id="w_w1aab1c11b2c11b3ab1" language="German" custom="readingOrder {index:0;}">
                    <Coords points="1028,1574 1047,1574 1047,1583 1028,1583"/>
                    <TextEquiv>
                        <Unicode>:.</Unicode>
                    </TextEquiv>
                    <TextStyle fontFamily="Arial" fontSize="8.5"/>
                </Word>
                <Word id="w_w1aab1c11b2c11b3ab7" language="German" custom="readingOrder {index:1;}">
                    <Coords points="1080,1553 1108,1553 1108,1582 1080,1582"/>
                    <TextEquiv>
                        <Unicode>in</Unicode>
                    </TextEquiv>
                    <TextStyle fontFamily="Arial" fontSize="8.5"/>
                </Word>
                <Word id="w_w1aab1c11b2c11b3ac13" language="German" custom="readingOrder {index:2;}">
                    <Coords points="1125,1553 1289,1553 1289,1587 1125,1587"/>
                    <TextEquiv>
                        <Unicode>derPrvvknz</Unicode>
                    </TextEquiv>
                    <TextStyle fontFamily="Arial" fontSize="8.5"/>
                </Word>
                <Word id="w_w1aab1c11b2c11b3ac35" language="German" custom="readingOrder {index:3;}">
                    <Coords points="1305,1562 1373,1562 1373,1586 1305,1586"/>
                    <TextEquiv>
                        <Unicode>war,</Unicode>
                    </TextEquiv>
                    <TextStyle fontFamily="Arial" fontSize="8.5"/>
                </Word>
                <Word id="w_w1aab1c11b2c11b3ac45" language="German" custom="readingOrder {index:4;}">
                    <Coords points="1398,1556 1441,1556 1441,1586 1398,1586"/>
                    <TextEquiv>
                        <Unicode>die</Unicode>
                    </TextEquiv>
                    <TextStyle fontFamily="Arial" fontSize="8.5"/>
                </Word>
                <Word id="w_w1aab1c11b2c11b3ac53" language="German" custom="readingOrder {index:5;}">
                    <Coords points="1455,1559 1605,1559 1605,1593 1455,1593"/>
                    <TextEquiv>
                        <Unicode>Hospitäler</Unicode>
                    </TextEquiv>
                    <TextStyle fontFamily="Arial" fontSize="8.5"/>
                </Word>
                <Word id="w_w1aab1c11b2c11b3ac75" language="German" custom="readingOrder {index:6;}">
                    <Coords points="1625,1562 1680,1562 1680,1591 1625,1591"/>
                    <TextEquiv>
                        <Unicode>ein-</Unicode>
                    </TextEquiv>
                    <TextStyle fontFamily="Arial" fontSize="8.5"/>
                </Word>
                <TextEquiv>
                    <Unicode>:. in derPrvvknz war, die Hospitäler ein-</Unicode>
                </TextEquiv>
                <TextStyle fontFamily="Arial" fontSize="8.5"/>
            </TextLine>
            <TextLine id="tl_56" primaryLanguage="German" custom="readingOrder {index:2;}">
                <Coords points="1027,1595 1862,1595 1862,1639 1027,1639"/>
                <Baseline points="1027,1630 1862,1630"/>
                <Word id="w_w1aab1c11b2c11b5ab1" language="German" custom="readingOrder {index:0;}">
                    <Coords points="1027,1603 1031,1603 1031,1611 1027,1611"/>
                    <TextEquiv>
                        <Unicode>'</Unicode>
                    </TextEquiv>
                    <TextStyle fontFamily="Arial" fontSize="8.5"/>
                </Word>
                <Word id="w_w1aab1c11b2c11b5ab5" language="German" custom="readingOrder {index:1;}">
                    <Coords points="1079,1595 1209,1595 1209,1627 1079,1627"/>
                    <TextEquiv>
                        <Unicode>berechnet</Unicode>
                    </TextEquiv>
                    <TextStyle fontFamily="Arial" fontSize="8.5"/>
                </Word>
                <Word id="w_w1aab1c11b2c11b5ac25" language="German" custom="readingOrder {index:2;}">
                    <Coords points="1252,1617 1260,1617 1260,1625 1252,1625"/>
                    <TextEquiv>
                        <Unicode>.</Unicode>
                    </TextEquiv>
                    <TextStyle fontFamily="Arial" fontSize="8.5"/>
                </Word>
                <Word id="w_w1aab1c11b2c11b5ac29" language="German" custom="readingOrder {index:3;}">
                    <Coords points="1298,1617 1306,1617 1306,1626 1298,1626"/>
                    <TextEquiv>
                        <Unicode>.</Unicode>
                    </TextEquiv>
                    <TextStyle fontFamily="Arial" fontSize="8.5"/>
                </Word>
                <Word id="w_w1aab1c11b2c11b5ac33" language="German" custom="readingOrder {index:4;}">
                    <Coords points="1345,1618 1446,1618 1446,1628 1345,1628"/>
                    <TextEquiv>
                        <Unicode>...</Unicode>
                    </TextEquiv>
                    <TextStyle fontFamily="Arial" fontSize="8.5"/>
                </Word>
                <Word id="w_w1aab1c11b2c11b5ac41" language="German" custom="readingOrder {index:5;}">
                    <Coords points="1484,1621 1492,1621 1492,1630 1484,1630"/>
                    <TextEquiv>
                        <Unicode>.</Unicode>
                    </TextEquiv>
                    <TextStyle fontFamily="Arial" fontSize="8.5"/>
                </Word>
                <Word id="w_w1aab1c11b2c11b5ac45" language="German" custom="readingOrder {index:6;}">
                    <Coords points="1531,1623 1539,1623 1539,1633 1531,1633"/>
                    <TextEquiv>
                        <Unicode>.</Unicode>
                    </TextEquiv>
                    <TextStyle fontFamily="Arial" fontSize="8.5"/>
                </Word>
                <Word id="w_w1aab1c11b2c11b5ac49" language="German" custom="readingOrder {index:7;}">
                    <Coords points="1576,1624 1585,1624 1585,1633 1576,1633"/>
                    <TextEquiv>
                        <Unicode>.</Unicode>
                    </TextEquiv>
                    <TextStyle fontFamily="Arial" fontSize="8.5"/>
                </Word>
                <Word id="w_w1aab1c11b2c11b5ac53" language="German" custom="readingOrder {index:8;}">
                    <Coords points="1623,1625 1631,1625 1631,1633 1623,1633"/>
                    <TextEquiv>
                        <Unicode>.</Unicode>
                    </TextEquiv>
                    <TextStyle fontFamily="Arial" fontSize="8.5"/>
                </Word>
                <Word id="w_w1aab1c11b2c11b5ac57" language="German" custom="readingOrder {index:9;}">
                    <Coords points="1669,1624 1678,1624 1678,1633 1669,1633"/>
                    <TextEquiv>
                        <Unicode>.</Unicode>
                    </TextEquiv>
                    <TextStyle fontFamily="Arial" fontSize="8.5"/>
                </Word>
                <Word id="w_w1aab1c11b2c11b5ac61" language="German" custom="readingOrder {index:10;}">
                    <Coords points="1715,1610 1862,1610 1862,1638 1715,1638"/>
                    <TextEquiv>
                        <Unicode>Z,89S^S5</Unicode>
                    </TextEquiv>
                    <TextStyle fontFamily="Arial" fontSize="8.5"/>
                </Word>
                <TextEquiv>
                    <Unicode>' berechnet . . ... . . . . . Z,89S^S5</Unicode>
                </TextEquiv>
                <TextStyle fontFamily="Arial" fontSize="8.5"/>
            </TextLine>
            <TextEquiv>
                <Unicode>! Für den Unterhalt des Militärs, welche-
:. in derPrvvknz war, die Hospitäler ein-
' berechnet . . ... . . . . . Z,89S^S5</Unicode>
            </TextEquiv>
        </TextRegion>
        <TextRegion type="paragraph" id="r_6_7" custom="readingOrder {index:13;}">
            <Coords points="1032,1635 1716,1635 1716,1764 1032,1764"/>
            <TextLine id="tl_57" primaryLanguage="German" custom="readingOrder {index:0;}">
                <Coords points="1033,1636 1678,1636 1678,1679 1033,1679"/>
                <Baseline points="1033,1676 1678,1676"/>
                <Word id="w_w1aab1c11b2c13b1ab1" language="German" custom="readingOrder {index:0;}">
                    <Coords points="1033,1636 1061,1636 1061,1665 1033,1665"/>
                    <TextEquiv>
                        <Unicode>^</Unicode>
                    </TextEquiv>
                    <TextStyle fontFamily="Arial" fontSize="8.5"/>
                </Word>
                <Word id="w_w1aab1c11b2c13b1ab5" language="German" custom="readingOrder {index:1;}">
                    <Coords points="1080,1639 1220,1639 1220,1671 1080,1671"/>
                    <TextEquiv>
                        <Unicode>Abbezahlt</Unicode>
                    </TextEquiv>
                    <TextStyle fontFamily="Arial" fontSize="8.5"/>
                </Word>
                <Word id="w_w1aab1c11b2c13b1ac25" language="German" custom="readingOrder {index:2;}">
                    <Coords points="1229,1640 1277,1640 1277,1673 1229,1673"/>
                    <TextEquiv>
                        <Unicode>auf</Unicode>
                    </TextEquiv>
                    <TextStyle fontFamily="Arial" fontSize="8.5"/>
                </Word>
                <Word id="w_w1aab1c11b2c13b1ac33" language="German" custom="readingOrder {index:3;}">
                    <Coords points="1286,1640 1326,1640 1326,1669 1286,1669"/>
                    <TextEquiv>
                        <Unicode>die</Unicode>
                    </TextEquiv>
                    <TextStyle fontFamily="Arial" fontSize="8.5"/>
                </Word>
                <Word id="w_w1aab1c11b2c13b1ac41" language="German" custom="readingOrder {index:4;}">
                    <Coords points="1334,1641 1678,1641 1678,1679 1334,1679"/>
                    <TextEquiv>
                        <Unicode>außerordentlkcheKn'egS-</Unicode>
                    </TextEquiv>
                    <TextStyle fontFamily="Arial" fontSize="8.5"/>
                </Word>
                <TextEquiv>
                    <Unicode>^ Abbezahlt auf die außerordentlkcheKn'egS-</Unicode>
                </TextEquiv>
                <TextStyle fontFamily="Arial" fontSize="8.5"/>
            </TextLine>
            <TextLine id="tl_58" primaryLanguage="German" custom="readingOrder {index:1;}">
                <Coords points="1078,1680 1677,1680 1677,1722 1078,1722"/>
                <Baseline points="1078,1716 1677,1716"/>
                <Word id="w_w1aab1c11b2c13b3ab1" language="German" custom="readingOrder {index:0;}">
                    <Coords points="1078,1680 1157,1680 1157,1712 1078,1712"/>
                    <TextEquiv>
                        <Unicode>fchuld</Unicode>
                    </TextEquiv>
                    <TextStyle fontFamily="Arial" fontSize="8.5"/>
                </Word>
                <Word id="w_w1aab1c11b2c13b3ac15" language="German" custom="readingOrder {index:1;}">
                    <Coords points="1180,1683 1236,1683 1236,1714 1180,1714"/>
                    <TextEquiv>
                        <Unicode>(die</Unicode>
                    </TextEquiv>
                    <TextStyle fontFamily="Arial" fontSize="8.5"/>
                </Word>
                <Word id="w_w1aab1c11b2c13b3ac25" language="German" custom="readingOrder {index:2;}">
                    <Coords points="1248,1691 1278,1691 1278,1715 1248,1715"/>
                    <TextEquiv>
                        <Unicode>zu</Unicode>
                    </TextEquiv>
                    <TextStyle fontFamily="Arial" fontSize="8.5"/>
                </Word>
                <Word id="w_w1aab1c11b2c13b3ac31" language="German" custom="readingOrder {index:3;}">
                    <Coords points="1292,1692 1449,1692 1449,1718 1292,1718"/>
                    <TextEquiv>
                        <Unicode>5,000,000.</Unicode>
                    </TextEquiv>
                    <TextStyle fontFamily="Arial" fontSize="8.5"/>
                </Word>
                <Word id="w_w1aab1c11b2c13b3ac53" language="German" custom="readingOrder {index:4;}">
                    <Coords points="1465,1688 1562,1688 1562,1721 1465,1721"/>
                    <TextEquiv>
                        <Unicode>Franks</Unicode>
                    </TextEquiv>
                    <TextStyle fontFamily="Arial" fontSize="8.5"/>
                </Word>
                <Word id="w_w1aab1c11b2c13b3ac67" language="German" custom="readingOrder {index:5;}">
                    <Coords points="1577,1688 1677,1688 1677,1722 1577,1722"/>
                    <TextEquiv>
                        <Unicode>befiimt</Unicode>
                    </TextEquiv>
                    <TextStyle fontFamily="Arial" fontSize="8.5"/>
                </Word>
                <TextEquiv>
                    <Unicode>fchuld (die zu 5,000,000. Franks befiimt</Unicode>
                </TextEquiv>
                <TextStyle fontFamily="Arial" fontSize="8.5"/>
            </TextLine>
            <TextLine id="tl_59" primaryLanguage="German" custom="readingOrder {index:2;}">
                <Coords points="1077,1724 1715,1724 1715,1763 1077,1763"/>
                <Baseline points="1077,1757 1715,1757"/>
                <Word id="w_w1aab1c11b2c13b5ab1" language="German" custom="readingOrder {index:0;}">
                    <Coords points="1077,1724 1159,1724 1159,1755 1077,1755"/>
                    <TextEquiv>
                        <Unicode>war),</Unicode>
                    </TextEquiv>
                    <TextStyle fontFamily="Arial" fontSize="8.5"/>
                </Word>
                <Word id="w_w1aab1c11b2c13b5ac13" language="German" custom="readingOrder {index:1;}">
                    <Coords points="1181,1724 1260,1724 1260,1756 1181,1756"/>
                    <TextEquiv>
                        <Unicode>theils</Unicode>
                    </TextEquiv>
                    <TextStyle fontFamily="Arial" fontSize="8.5"/>
                </Word>
                <Word id="w_w1aab1c11b2c13b5ac27" language="German" custom="readingOrder {index:2;}">
                    <Coords points="1276,1727 1301,1727 1301,1753 1276,1753"/>
                    <TextEquiv>
                        <Unicode>in</Unicode>
                    </TextEquiv>
                    <TextStyle fontFamily="Arial" fontSize="8.5"/>
                </Word>
                <Word id="w_w1aab1c11b2c13b5ac33" language="German" custom="readingOrder {index:3;}">
                    <Coords points="1317,1727 1417,1727 1417,1755 1317,1755"/>
                    <TextEquiv>
                        <Unicode>baarem</Unicode>
                    </TextEquiv>
                    <TextStyle fontFamily="Arial" fontSize="8.5"/>
                </Word>
                <Word id="w_w1aab1c11b2c13b5ac47" language="German" custom="readingOrder {index:4;}">
                    <Coords points="1432,1729 1530,1729 1530,1761 1432,1761"/>
                    <TextEquiv>
                        <Unicode>Getde,</Unicode>
                    </TextEquiv>
                    <TextStyle fontFamily="Arial" fontSize="8.5"/>
                </Word>
                <Word id="w_w1aab1c11b2c13b5ac61" language="German" custom="readingOrder {index:5;}">
                    <Coords points="1552,1730 1632,1730 1632,1763 1552,1763"/>
                    <TextEquiv>
                        <Unicode>theils</Unicode>
                    </TextEquiv>
                    <TextStyle fontFamily="Arial" fontSize="8.5"/>
                </Word>
                <Word id="w_w1aab1c11b2c13b5ac75" language="German" custom="readingOrder {index:6;}">
                    <Coords points="1646,1731 1672,1731 1672,1759 1646,1759"/>
                    <TextEquiv>
                        <Unicode>kn</Unicode>
                    </TextEquiv>
                    <TextStyle fontFamily="Arial" fontSize="8.5"/>
                </Word>
                <Word id="w_w1aab1c11b2c13b5ac81" language="German" custom="readingOrder {index:7;}">
                    <Coords points="1701,1729 1715,1729 1715,1758 1701,1758"/>
                    <TextEquiv>
                        <Unicode>/</Unicode>
                    </TextEquiv>
                    <TextStyle fontFamily="Arial" fontSize="8.5"/>
                </Word>
                <TextEquiv>
                    <Unicode>war), theils in baarem Getde, theils kn /</Unicode>
                </TextEquiv>
                <TextStyle fontFamily="Arial" fontSize="8.5"/>
            </TextLine>
            <TextEquiv>
                <Unicode>^ Abbezahlt auf die außerordentlkcheKn'egS-
fchuld (die zu 5,000,000. Franks befiimt
war), theils in baarem Getde, theils kn /</Unicode>
            </TextEquiv>
        </TextRegion>
        <TextRegion type="paragraph" id="r_6_8" custom="readingOrder {index:14;}">
            <Coords points="1076,1763 1919,1763 1919,1809 1076,1809"/>
            <TextLine id="tl_60" primaryLanguage="German" custom="readingOrder {index:0;}">
                <Coords points="1077,1764 1918,1764 1918,1808 1077,1808"/>
                <Baseline points="1077,1799 1918,1799"/>
                <Word id="w_w1aab1c11b2c15b1ab1" language="German" custom="readingOrder {index:0;}">
                    <Coords points="1077,1764 1395,1764 1395,1801 1077,1801"/>
                    <TextEquiv>
                        <Unicode>Getreide-Lieferungen</Unicode>
                    </TextEquiv>
                    <TextStyle fontFamily="Arial" fontSize="8.5"/>
                </Word>
                <Word id="w_w1aab1c11b2c15b1ac43" language="German" custom="readingOrder {index:1;}">
                    <Coords points="1434,1789 1442,1789 1442,1797 1434,1797"/>
                    <TextEquiv>
                        <Unicode>.</Unicode>
                    </TextEquiv>
                    <TextStyle fontFamily="Arial" fontSize="8.5"/>
                </Word>
                <Word id="w_w1aab1c11b2c15b1ac47" language="German" custom="readingOrder {index:2;}">
                    <Coords points="1479,1789 1488,1789 1488,1798 1479,1798"/>
                    <TextEquiv>
                        <Unicode>.</Unicode>
                    </TextEquiv>
                    <TextStyle fontFamily="Arial" fontSize="8.5"/>
                </Word>
                <Word id="w_w1aab1c11b2c15b1ac51" language="German" custom="readingOrder {index:3;}">
                    <Coords points="1525,1790 1533,1790 1533,1800 1525,1800"/>
                    <TextEquiv>
                        <Unicode>.</Unicode>
                    </TextEquiv>
                    <TextStyle fontFamily="Arial" fontSize="8.5"/>
                </Word>
                <Word id="w_w1aab1c11b2c15b1ac55" language="German" custom="readingOrder {index:4;}">
                    <Coords points="1571,1792 1580,1792 1580,1801 1571,1801"/>
                    <TextEquiv>
                        <Unicode>.</Unicode>
                    </TextEquiv>
                    <TextStyle fontFamily="Arial" fontSize="8.5"/>
                </Word>
                <Word id="w_w1aab1c11b2c15b1ac59" language="German" custom="readingOrder {index:5;}">
                    <Coords points="1618,1793 1626,1793 1626,1801 1618,1801"/>
                    <TextEquiv>
                        <Unicode>.</Unicode>
                    </TextEquiv>
                    <TextStyle fontFamily="Arial" fontSize="8.5"/>
                </Word>
                <Word id="w_w1aab1c11b2c15b1ac63" language="German" custom="readingOrder {index:6;}">
                    <Coords points="1664,1792 1672,1792 1672,1801 1664,1801"/>
                    <TextEquiv>
                        <Unicode>.</Unicode>
                    </TextEquiv>
                    <TextStyle fontFamily="Arial" fontSize="8.5"/>
                </Word>
                <Word id="w_w1aab1c11b2c15b1ac67" language="German" custom="readingOrder {index:7;}">
                    <Coords points="1740,1778 1859,1778 1859,1807 1740,1807"/>
                    <TextEquiv>
                        <Unicode>494/231</Unicode>
                    </TextEquiv>
                    <TextStyle fontFamily="Arial" fontSize="8.5"/>
                </Word>
                <Word id="w_w1aab1c11b2c15b1ac83" language="German" custom="readingOrder {index:8;}">
                    <Coords points="1882,1782 1918,1782 1918,1801 1882,1801"/>
                    <TextEquiv>
                        <Unicode>r»</Unicode>
                    </TextEquiv>
                    <TextStyle fontFamily="Arial" fontSize="8.5"/>
                </Word>
                <TextEquiv>
                    <Unicode>Getreide-Lieferungen . . . . . . 494/231 r»</Unicode>
                </TextEquiv>
                <TextStyle fontFamily="Arial" fontSize="8.5"/>
            </TextLine>
            <TextEquiv>
                <Unicode>Getreide-Lieferungen . . . . . . 494/231 r»</Unicode>
            </TextEquiv>
        </TextRegion>
        <TextRegion type="paragraph" id="r_6_9" custom="readingOrder {index:15;}">
            <Coords points="1030,1800 1671,1800 1671,1843 1030,1843"/>
            <TextLine id="tl_61" primaryLanguage="German" custom="readingOrder {index:0;}">
                <Coords points="1031,1801 1670,1801 1670,1842 1031,1842"/>
                <Baseline points="1031,1835 1670,1835"/>
                <Word id="w_w1aab1c11b2c17b1ab1" language="German" custom="readingOrder {index:0;}">
                    <Coords points="1031,1808 1056,1808 1056,1833 1031,1833"/>
                    <TextEquiv>
                        <Unicode>z.</Unicode>
                    </TextEquiv>
                    <TextStyle fontFamily="Arial" fontSize="8.5"/>
                </Word>
                <Word id="w_w1aab1c11b2c17b1ab7" language="German" custom="readingOrder {index:1;}">
                    <Coords points="1077,1802 1178,1802 1178,1830 1077,1830"/>
                    <TextEquiv>
                        <Unicode>Andere</Unicode>
                    </TextEquiv>
                    <TextStyle fontFamily="Arial" fontSize="8.5"/>
                </Word>
                <Word id="w_w1aab1c11b2c17b1ac21" language="German" custom="readingOrder {index:2;}">
                    <Coords points="1206,1802 1438,1802 1438,1839 1206,1839"/>
                    <TextEquiv>
                        <Unicode>außerordentliche</Unicode>
                    </TextEquiv>
                    <TextStyle fontFamily="Arial" fontSize="8.5"/>
                </Word>
                <Word id="w_w1aab1c11b2c17b1ac55" language="German" custom="readingOrder {index:3;}">
                    <Coords points="1465,1808 1605,1808 1605,1841 1465,1841"/>
                    <TextEquiv>
                        <Unicode>Ausgaben</Unicode>
                    </TextEquiv>
                    <TextStyle fontFamily="Arial" fontSize="8.5"/>
                </Word>
                <Word id="w_w1aab1c11b2c17b1ac73" language="German" custom="readingOrder {index:4;}">
                    <Coords points="1630,1807 1670,1807 1670,1842 1630,1842"/>
                    <TextEquiv>
                        <Unicode>für</Unicode>
                    </TextEquiv>
                    <TextStyle fontFamily="Arial" fontSize="8.5"/>
                </Word>
                <TextEquiv>
                    <Unicode>z. Andere außerordentliche Ausgaben für</Unicode>
                </TextEquiv>
                <TextStyle fontFamily="Arial" fontSize="8.5"/>
            </TextLine>
            <TextEquiv>
                <Unicode>z. Andere außerordentliche Ausgaben für</Unicode>
            </TextEquiv>
        </TextRegion>
        <TextRegion type="paragraph" id="r_6_10" custom="readingOrder {index:16;}">
            <Coords points="1075,1832 1916,1832 1916,1888 1075,1888"/>
            <TextLine id="tl_62" primaryLanguage="German" custom="readingOrder {index:0;}">
                <Coords points="1076,1833 1915,1833 1915,1887 1076,1887"/>
                <Baseline points="1076,1876 1915,1876"/>
                <Word id="w_w1aab1c11b2c19b1ab1" language="German" custom="readingOrder {index:0;}">
                    <Coords points="1076,1844 1187,1844 1187,1877 1076,1877"/>
                    <TextEquiv>
                        <Unicode>Fuhren,</Unicode>
                    </TextEquiv>
                    <TextStyle fontFamily="Arial" fontSize="8.5"/>
                </Word>
                <Word id="w_w1aab1c11b2c19b1ac17" language="German" custom="readingOrder {index:1;}">
                    <Coords points="1206,1844 1383,1844 1383,1878 1206,1878"/>
                    <TextEquiv>
                        <Unicode>Arbeitslohn,</Unicode>
                    </TextEquiv>
                    <TextStyle fontFamily="Arial" fontSize="8.5"/>
                </Word>
                <Word id="w_w1aab1c11b2c19b1ac43" language="German" custom="readingOrder {index:2;}">
                    <Coords points="1399,1847 1673,1847 1673,1883 1399,1883"/>
                    <TextEquiv>
                        <Unicode>Erpresse»,Schreib-</Unicode>
                    </TextEquiv>
                    <TextStyle fontFamily="Arial" fontSize="8.5"/>
                </Word>
                <Word id="w_w1aab1c11b2c19b1ac81" language="German" custom="readingOrder {index:3;}">
                    <Coords points="1691,1835 1795,1835 1795,1886 1691,1886"/>
                    <TextEquiv>
                        <Unicode>V^\</Unicode>
                    </TextEquiv>
                    <TextStyle fontFamily="Arial" fontSize="8.5"/>
                </Word>
                <Word id="w_w1aab1c11b2c19b1ac89" language="German" custom="readingOrder {index:4;}">
                    <Coords points="1908,1875 1915,1875 1915,1886 1908,1886"/>
                    <TextEquiv>
                        <Unicode>,</Unicode>
                    </TextEquiv>
                    <TextStyle fontFamily="Arial" fontSize="8.5"/>
                </Word>
                <TextEquiv>
                    <Unicode>Fuhren, Arbeitslohn, Erpresse»,Schreib- V^\ ,</Unicode>
                </TextEquiv>
                <TextStyle fontFamily="Arial" fontSize="8.5"/>
            </TextLine>
            <TextEquiv>
                <Unicode>Fuhren, Arbeitslohn, Erpresse»,Schreib- V^\ ,</Unicode>
            </TextEquiv>
        </TextRegion>
        <TextRegion type="paragraph" id="r_6_11" custom="readingOrder {index:17;}">
            <Coords points="1022,1885 1702,1885 1702,1971 1022,1971"/>
            <TextLine id="tl_63" primaryLanguage="German" custom="readingOrder {index:0;}">
                <Coords points="1023,1886 1669,1886 1669,1921 1023,1921"/>
                <Baseline points="1023,1918 1669,1918"/>
                <Word id="w_w1aab1c11b2c21b1ab1" language="German" custom="readingOrder {index:0;}">
                    <Coords points="1023,1892 1028,1892 1028,1908 1023,1908"/>
                    <TextEquiv>
                        <Unicode>l</Unicode>
                    </TextEquiv>
                    <TextStyle fontFamily="Arial" fontSize="8.5"/>
                </Word>
                <Word id="w_w1aab1c11b2c21b1ab5" language="German" custom="readingOrder {index:1;}">
                    <Coords points="1055,1886 1129,1886 1129,1913 1055,1913"/>
                    <TextEquiv>
                        <Unicode>^und</Unicode>
                    </TextEquiv>
                    <TextStyle fontFamily="Arial" fontSize="8.5"/>
                </Word>
                <Word id="w_w1aab1c11b2c21b1ac15" language="German" custom="readingOrder {index:2;}">
                    <Coords points="1149,1886 1329,1886 1329,1919 1149,1919"/>
                    <TextEquiv>
                        <Unicode>Druckkosten,</Unicode>
                    </TextEquiv>
                    <TextStyle fontFamily="Arial" fontSize="8.5"/>
                </Word>
                <Word id="w_w1aab1c11b2c21b1ac41" language="German" custom="readingOrder {index:3;}">
                    <Coords points="1366,1889 1595,1889 1595,1921 1366,1921"/>
                    <TextEquiv>
                        <Unicode>Baumaterialien</Unicode>
                    </TextEquiv>
                    <TextStyle fontFamily="Arial" fontSize="8.5"/>
                </Word>
                <Word id="w_w1aab1c11b2c21b1ac71" language="German" custom="readingOrder {index:4;}">
                    <Coords points="1617,1893 1669,1893 1669,1921 1617,1921"/>
                    <TextEquiv>
                        <Unicode>und</Unicode>
                    </TextEquiv>
                    <TextStyle fontFamily="Arial" fontSize="8.5"/>
                </Word>
                <TextEquiv>
                    <Unicode>l ^und Druckkosten, Baumaterialien und</Unicode>
                </TextEquiv>
                <TextStyle fontFamily="Arial" fontSize="8.5"/>
            </TextLine>
            <TextLine id="tl_64" primaryLanguage="German" custom="readingOrder {index:1;}">
                <Coords points="1023,1925 1701,1925 1701,1970 1023,1970"/>
                <Baseline points="1023,1962 1701,1962"/>
                <Word id="w_w1aab1c11b2c21b3ab1" language="German" custom="readingOrder {index:0;}">
                    <Coords points="1023,1925 1028,1925 1028,1931 1023,1931"/>
                    <TextEquiv>
                        <Unicode>'</Unicode>
                    </TextEquiv>
                    <TextStyle fontFamily="Arial" fontSize="8.5"/>
                </Word>
                <Word id="w_w1aab1c11b2c21b3ab5" language="German" custom="readingOrder {index:1;}">
                    <Coords points="1063,1927 1185,1927 1185,1960 1063,1960"/>
                    <TextEquiv>
                        <Unicode>'Kosten,</Unicode>
                    </TextEquiv>
                    <TextStyle fontFamily="Arial" fontSize="8.5"/>
                </Word>
                <Word id="w_w1aab1c11b2c21b3ac23" language="German" custom="readingOrder {index:2;}">
                    <Coords points="1218,1929 1403,1929 1403,1963 1218,1963"/>
                    <TextEquiv>
                        <Unicode>Festivitäten,</Unicode>
                    </TextEquiv>
                    <TextStyle fontFamily="Arial" fontSize="8.5"/>
                </Word>
                <Word id="w_w1aab1c11b2c21b3ac51" language="German" custom="readingOrder {index:3;}">
                    <Coords points="1438,1932 1671,1932 1671,1970 1438,1970"/>
                    <TextEquiv>
                        <Unicode>Kleidungsstücke,</Unicode>
                    </TextEquiv>
                    <TextStyle fontFamily="Arial" fontSize="8.5"/>
                </Word>
                <Word id="w_w1aab1c11b2c21b3ac85" language="German" custom="readingOrder {index:4;}">
                    <Coords points="1695,1954 1701,1954 1701,1962 1695,1962"/>
                    <TextEquiv>
                        <Unicode>.</Unicode>
                    </TextEquiv>
                    <TextStyle fontFamily="Arial" fontSize="8.5"/>
                </Word>
                <TextEquiv>
                    <Unicode>' 'Kosten, Festivitäten, Kleidungsstücke, .</Unicode>
                </TextEquiv>
                <TextStyle fontFamily="Arial" fontSize="8.5"/>
            </TextLine>
            <TextEquiv>
                <Unicode>l ^und Druckkosten, Baumaterialien und
' 'Kosten, Festivitäten, Kleidungsstücke, .</Unicode>
            </TextEquiv>
        </TextRegion>
        <TextRegion type="paragraph" id="r_6_12" custom="readingOrder {index:18;}">
            <Coords points="1072,1971 1672,1971 1672,2010 1072,2010"/>
            <TextLine id="tl_65" primaryLanguage="German" custom="readingOrder {index:0;}">
                <Coords points="1073,1972 1671,1972 1671,2009 1073,2009"/>
                <Baseline points="1073,2004 1671,2004"/>
                <Word id="w_w1aab1c11b2c23b1ab1" language="German" custom="readingOrder {index:0;}">
                    <Coords points="1073,1972 1230,1972 1230,2006 1073,2006"/>
                    <TextEquiv>
                        <Unicode>Errichtung</Unicode>
                    </TextEquiv>
                    <TextStyle fontFamily="Arial" fontSize="8.5"/>
                </Word>
                <Word id="w_w1aab1c11b2c23b1ac23" language="German" custom="readingOrder {index:1;}">
                    <Coords points="1241,1980 1289,1980 1289,2001 1241,2001"/>
                    <TextEquiv>
                        <Unicode>von</Unicode>
                    </TextEquiv>
                    <TextStyle fontFamily="Arial" fontSize="8.5"/>
                </Word>
                <Word id="w_w1aab1c11b2c23b1ac31" language="German" custom="readingOrder {index:2;}">
                    <Coords points="1303,1973 1504,1973 1504,2005 1303,2005"/>
                    <TextEquiv>
                        <Unicode>schwimmenden</Unicode>
                    </TextEquiv>
                    <TextStyle fontFamily="Arial" fontSize="8.5"/>
                </Word>
                <Word id="w_w1aab1c11b2c23b1ac57" language="German" custom="readingOrder {index:3;}">
                    <Coords points="1516,1977 1671,1977 1671,2009 1516,2009"/>
                    <TextEquiv>
                        <Unicode>Batterien,</Unicode>
                    </TextEquiv>
                    <TextStyle fontFamily="Arial" fontSize="8.5"/>
                </Word>
                <TextEquiv>
                    <Unicode>Errichtung von schwimmenden Batterien,</Unicode>
                </TextEquiv>
                <TextStyle fontFamily="Arial" fontSize="8.5"/>
            </TextLine>
            <TextEquiv>
                <Unicode>Errichtung von schwimmenden Batterien,</Unicode>
            </TextEquiv>
        </TextRegion>
        <TextRegion type="paragraph" id="r_6_13" custom="readingOrder {index:19;}">
            <Coords points="1074,2013 1675,2013 1675,2053 1074,2053"/>
            <TextLine id="tl_66" primaryLanguage="German" custom="readingOrder {index:0;}">
                <Coords points="1075,2014 1674,2014 1674,2052 1075,2052"/>
                <Baseline points="1075,2047 1674,2047"/>
                <Word id="w_w1aab1c11b2c25b1ab1" language="German" custom="readingOrder {index:0;}">
                    <Coords points="1075,2014 1122,2014 1122,2043 1075,2043"/>
                    <TextEquiv>
                        <Unicode>des</Unicode>
                    </TextEquiv>
                    <TextStyle fontFamily="Arial" fontSize="8.5"/>
                </Word>
                <Word id="w_w1aab1c11b2c25b1ab9" language="German" custom="readingOrder {index:1;}">
                    <Coords points="1137,2015 1238,2015 1238,2044 1137,2044"/>
                    <TextEquiv>
                        <Unicode>Kapers</Unicode>
                    </TextEquiv>
                    <TextStyle fontFamily="Arial" fontSize="8.5"/>
                </Word>
                <Word id="w_w1aab1c11b2c25b1ac23" language="German" custom="readingOrder {index:2;}">
                    <Coords points="1253,2016 1343,2016 1343,2049 1253,2049"/>
                    <TextEquiv>
                        <Unicode>Tilsit</Unicode>
                    </TextEquiv>
                    <TextStyle fontFamily="Arial" fontSize="8.5"/>
                </Word>
                <Word id="w_w1aab1c11b2c25b1b1b1" language="German" custom="readingOrder {index:3;}">
                    <Coords points="1361,2016 1410,2016 1410,2043 1361,2043"/>
                    <TextEquiv>
                        <Unicode>und</Unicode>
                    </TextEquiv>
                    <TextStyle fontFamily="Arial" fontSize="10.0"/>
                </Word>
                <Word id="w_w1aab1c11b2c25b1b2b1" language="German" custom="readingOrder {index:4;}">
                    <Coords points="1435,2024 1495,2024 1495,2049 1435,2049"/>
                    <TextEquiv>
                        <Unicode>150.</Unicode>
                    </TextEquiv>
                    <TextStyle fontFamily="Arial" fontSize="8.5"/>
                </Word>
                <Word id="w_w1aab1c11b2c25b1b2c11" language="German" custom="readingOrder {index:5;}">
                    <Coords points="1511,2018 1674,2018 1674,2052 1511,2052"/>
                    <TextEquiv>
                        <Unicode>Transport-</Unicode>
                    </TextEquiv>
                    <TextStyle fontFamily="Arial" fontSize="8.5"/>
                </Word>
                <TextEquiv>
                    <Unicode>des Kapers Tilsit und 150. Transport-</Unicode>
                </TextEquiv>
            </TextLine>
            <TextEquiv>
                <Unicode>des Kapers Tilsit und 150. Transport-</Unicode>
            </TextEquiv>
        </TextRegion>
        <TextRegion type="paragraph" id="r_6_14" custom="readingOrder {index:20;}">
            <Coords points="1076,2056 1918,2056 1918,2101 1076,2101"/>
            <TextLine id="tl_67" primaryLanguage="German" custom="readingOrder {index:0;}">
                <Coords points="1077,2057 1917,2057 1917,2100 1077,2100"/>
                <Baseline points="1077,2090 1917,2090"/>
                <Word id="w_w1aab1c11b2c27b1ab1" language="German" custom="readingOrder {index:0;}">
                    <Coords points="1077,2057 1224,2057 1224,2091 1077,2091"/>
                    <TextEquiv>
                        <Unicode>fahrzengen</Unicode>
                    </TextEquiv>
                    <TextStyle fontFamily="Arial" fontSize="8.5"/>
                </Word>
                <Word id="w_w1aab1c11b2c27b1ac23" language="German" custom="readingOrder {index:1;}">
                    <Coords points="1242,2066 1271,2066 1271,2089 1242,2089"/>
                    <TextEquiv>
                        <Unicode>zu</Unicode>
                    </TextEquiv>
                    <TextStyle fontFamily="Arial" fontSize="8.5"/>
                </Word>
                <Word id="w_w1aab1c11b2c27b1ac29" language="German" custom="readingOrder {index:2;}">
                    <Coords points="1291,2058 1360,2058 1360,2087 1291,2087"/>
                    <TextEquiv>
                        <Unicode>einer</Unicode>
                    </TextEquiv>
                    <TextStyle fontFamily="Arial" fontSize="8.5"/>
                </Word>
                <Word id="w_w1aab1c11b2c27b1ac41" language="German" custom="readingOrder {index:3;}">
                    <Coords points="1371,2058 1538,2058 1538,2092 1371,2092"/>
                    <TextEquiv>
                        <Unicode>projektirten</Unicode>
                    </TextEquiv>
                    <TextStyle fontFamily="Arial" fontSize="8.5"/>
                </Word>
                <Word id="w_w1aab1c11b2c27b1ac67" language="German" custom="readingOrder {index:4;}">
                    <Coords points="1553,2062 1673,2062 1673,2093 1553,2093"/>
                    <TextEquiv>
                        <Unicode>See-Er-</Unicode>
                    </TextEquiv>
                    <TextStyle fontFamily="Arial" fontSize="8.5"/>
                </Word>
                <Word id="w_w1aab1c11b2c27b1ac83" language="German" custom="readingOrder {index:5;}">
                    <Coords points="1907,2090 1917,2090 1917,2100 1907,2100"/>
                    <TextEquiv>
                        <Unicode>^</Unicode>
                    </TextEquiv>
                    <TextStyle fontFamily="Arial" fontSize="8.5"/>
                </Word>
                <TextEquiv>
                    <Unicode>fahrzengen zu einer projektirten See-Er- ^</Unicode>
                </TextEquiv>
                <TextStyle fontFamily="Arial" fontSize="8.5"/>
            </TextLine>
            <TextEquiv>
                <Unicode>fahrzengen zu einer projektirten See-Er- ^</Unicode>
            </TextEquiv>
        </TextRegion>
        <TextRegion type="paragraph" id="r_6_15" custom="readingOrder {index:21;}">
            <Coords points="1073,2098 1919,2098 1919,2141 1073,2141"/>
            <TextLine id="tl_68" primaryLanguage="German" custom="readingOrder {index:0;}">
                <Coords points="1074,2099 1918,2099 1918,2140 1074,2140"/>
                <Baseline points="1074,2132 1918,2132"/>
                <Word id="w_w1aab1c11b2c29b1ab1" language="German" custom="readingOrder {index:0;}">
                    <Coords points="1074,2099 1190,2099 1190,2133 1074,2133"/>
                    <TextEquiv>
                        <Unicode>pedkrion</Unicode>
                    </TextEquiv>
                    <TextStyle fontFamily="Arial" fontSize="8.5"/>
                </Word>
                <Word id="w_w1aab1c11b2c29b1ac19" language="German" custom="readingOrder {index:1;}">
                    <Coords points="1208,2108 1233,2108 1233,2128 1208,2128"/>
                    <TextEquiv>
                        <Unicode>n.</Unicode>
                    </TextEquiv>
                    <TextStyle fontFamily="Arial" fontSize="8.5"/>
                </Word>
                <Word id="w_w1aab1c11b2c29b1ac25" language="German" custom="readingOrder {index:2;}">
                    <Coords points="1255,2100 1272,2100 1272,2131 1255,2131"/>
                    <TextEquiv>
                        <Unicode>f.</Unicode>
                    </TextEquiv>
                    <TextStyle fontFamily="Arial" fontSize="8.5"/>
                </Word>
                <Word id="w_w1aab1c11b2c29b1ac31" language="German" custom="readingOrder {index:3;}">
                    <Coords points="1293,2104 1345,2104 1345,2129 1293,2129"/>
                    <TextEquiv>
                        <Unicode>w.'</Unicode>
                    </TextEquiv>
                    <TextStyle fontFamily="Arial" fontSize="8.5"/>
                </Word>
                <Word id="w_w1aab1c11b2c29b1ac39" language="German" custom="readingOrder {index:4;}">
                    <Coords points="1380,2121 1388,2121 1388,2129 1380,2129"/>
                    <TextEquiv>
                        <Unicode>.</Unicode>
                    </TextEquiv>
                    <TextStyle fontFamily="Arial" fontSize="8.5"/>
                </Word>
                <Word id="w_w1aab1c11b2c29b1ac43" language="German" custom="readingOrder {index:5;}">
                    <Coords points="1425,2121 1481,2121 1481,2134 1425,2134"/>
                    <TextEquiv>
                        <Unicode>...</Unicode>
                    </TextEquiv>
                    <TextStyle fontFamily="Arial" fontSize="8.5"/>
                </Word>
                <Word id="w_w1aab1c11b2c29b1b1b1" language="German" custom="readingOrder {index:6;}">
                    <Coords points="1518,2123 1677,2123 1677,2135 1518,2135"/>
                    <TextEquiv>
                        <Unicode>.....</Unicode>
                    </TextEquiv>
                    <TextStyle fontFamily="Arial" fontSize="8.5"/>
                </Word>
                <Word id="w_w1aab1c11b2c29b1b3b1" language="German" custom="readingOrder {index:7;}">
                    <Coords points="1741,2111 1861,2111 1861,2139 1741,2139"/>
                    <TextEquiv>
                        <Unicode>747,992</Unicode>
                    </TextEquiv>
                    <TextStyle fontFamily="Arial" fontSize="9.5" bold="true"/>
                </Word>
                <Word id="w_w1aab1c11b2c29b1b4b1" language="German" custom="readingOrder {index:8;}">
                    <Coords points="1882,2117 1918,2117 1918,2126 1882,2126"/>
                    <TextEquiv>
                        <Unicode>—</Unicode>
                    </TextEquiv>
                    <TextStyle fontFamily="Arial" fontSize="8.5"/>
                </Word>
                <TextEquiv>
                    <Unicode>pedkrion n. f. w.' . ... ..... 747,992 —</Unicode>
                </TextEquiv>
            </TextLine>
            <TextEquiv>
                <Unicode>pedkrion n. f. w.' . ... ..... 747,992 —</Unicode>
            </TextEquiv>
        </TextRegion>
        <TextRegion type="paragraph" id="r_6_16" custom="readingOrder {index:22;}">
            <Coords points="1028,2140 1918,2140 1918,2180 1028,2180"/>
            <TextLine id="tl_69" primaryLanguage="German" custom="readingOrder {index:0;}">
                <Coords points="1029,2141 1917,2141 1917,2179 1029,2179"/>
                <Baseline points="1029,2175 1917,2175"/>
                <Word id="w_w1aab1c11b2c31b1ab1" language="German" custom="readingOrder {index:0;}">
                    <Coords points="1029,2148 1055,2148 1055,2176 1029,2176"/>
                    <TextEquiv>
                        <Unicode>4.</Unicode>
                    </TextEquiv>
                    <TextStyle fontFamily="Arial" fontSize="8.5"/>
                </Word>
                <Word id="w_w1aab1c11b2c31b1ab7" language="German" custom="readingOrder {index:1;}">
                    <Coords points="1076,2142 1129,2142 1129,2171 1076,2171"/>
                    <TextEquiv>
                        <Unicode>Die</Unicode>
                    </TextEquiv>
                    <TextStyle fontFamily="Arial" fontSize="8.5"/>
                </Word>
                <Word id="w_w1aab1c11b2c31b1ac15" language="German" custom="readingOrder {index:2;}">
                    <Coords points="1151,2141 1310,2141 1310,2177 1151,2177"/>
                    <TextEquiv>
                        <Unicode>Schiüsche</Unicode>
                    </TextEquiv>
                    <TextStyle fontFamily="Arial" fontSize="8.5"/>
                </Word>
                <Word id="w_w1aab1c11b2c31b1ac35" language="German" custom="readingOrder {index:3;}">
                    <Coords points="1330,2142 1456,2142 1456,2176 1330,2176"/>
                    <TextEquiv>
                        <Unicode>Invasion</Unicode>
                    </TextEquiv>
                    <TextStyle fontFamily="Arial" fontSize="8.5"/>
                </Word>
                <Word id="w_w1aab1c11b2c31b1ac53" language="German" custom="readingOrder {index:4;}">
                    <Coords points="1469,2157 1491,2157 1491,2163 1469,2163"/>
                    <TextEquiv>
                        <Unicode>-</Unicode>
                    </TextEquiv>
                    <TextStyle fontFamily="Arial" fontSize="8.5"/>
                </Word>
                <Word id="w_w1aab1c11b2c31b1ac57" language="German" custom="readingOrder {index:5;}">
                    <Coords points="1566,2167 1576,2167 1576,2176 1566,2176"/>
                    <TextEquiv>
                        <Unicode>.</Unicode>
                    </TextEquiv>
                    <TextStyle fontFamily="Arial" fontSize="8.5"/>
                </Word>
                <Word id="w_w1aab1c11b2c31b1ac61" language="German" custom="readingOrder {index:6;}">
                    <Coords points="1617,2168 1624,2168 1624,2176 1617,2176"/>
                    <TextEquiv>
                        <Unicode>.</Unicode>
                    </TextEquiv>
                    <TextStyle fontFamily="Arial" fontSize="8.5"/>
                </Word>
                <Word id="w_w1aab1c11b2c31b1b1b1" language="German" custom="readingOrder {index:7;}">
                    <Coords points="1662,2168 1670,2168 1670,2176 1662,2176"/>
                    <TextEquiv>
                        <Unicode>.</Unicode>
                    </TextEquiv>
                    <TextStyle fontFamily="Arial" fontSize="8.5" underlined="true"/>
                </Word>
                <Word id="w_w1aab1c11b2c31b1b1b5" language="German" custom="readingOrder {index:8;}">
                    <Coords points="1744,2157 1860,2157 1860,2177 1744,2177"/>
                    <TextEquiv>
                        <Unicode>100,000</Unicode>
                    </TextEquiv>
                    <TextStyle fontFamily="Arial" fontSize="8.5" underlined="true"/>
                </Word>
                <Word id="w_w1aab1c11b2c31b1b1c21" language="German" custom="readingOrder {index:9;}">
                    <Coords points="1881,2159 1917,2159 1917,2168 1881,2168"/>
                    <TextEquiv>
                        <Unicode>—</Unicode>
                    </TextEquiv>
                    <TextStyle fontFamily="Arial" fontSize="8.5" underlined="true"/>
                </Word>
                <TextEquiv>
                    <Unicode>4. Die Schiüsche Invasion - . . . 100,000 —</Unicode>
                </TextEquiv>
            </TextLine>
            <TextEquiv>
                <Unicode>4. Die Schiüsche Invasion - . . . 100,000 —</Unicode>
            </TextEquiv>
        </TextRegion>
        <TextRegion type="paragraph" id="r_6_17" custom="readingOrder {index:23;}">
            <Coords points="1010,2185 1940,2185 1940,2315 1010,2315"/>
            <TextLine id="tl_70" primaryLanguage="German" custom="readingOrder {index:0;}">
                <Coords points="1318,2186 1915,2186 1915,2227 1318,2227"/>
                <Baseline points="1318,2224 1915,2224"/>
                <Word id="w_w1aab1c11b2c33b1ab1" language="German" custom="readingOrder {index:0;}">
                    <Coords points="1318,2186 1433,2186 1433,2216 1318,2216"/>
                    <TextEquiv>
                        <Unicode>Summe</Unicode>
                    </TextEquiv>
                    <TextStyle fontFamily="Arial" fontSize="8.5"/>
                </Word>
                <Word id="w_w1aab1c11b2c33b1ac13" language="German" custom="readingOrder {index:1;}">
                    <Coords points="1447,2189 1576,2189 1576,2221 1447,2221"/>
                    <TextEquiv>
                        <Unicode>Pommer.</Unicode>
                    </TextEquiv>
                    <TextStyle fontFamily="Arial" fontSize="8.5"/>
                </Word>
                <Word id="w_w1aab1c11b2c33b1ac29" language="German" custom="readingOrder {index:2;}">
                    <Coords points="1592,2192 1673,2192 1673,2223 1592,2223"/>
                    <TextEquiv>
                        <Unicode>Cour.</Unicode>
                    </TextEquiv>
                    <TextStyle fontFamily="Arial" fontSize="8.5"/>
                </Word>
                <Word id="w_w1aab1c11b2c33b1ac41" language="German" custom="readingOrder {index:3;}">
                    <Coords points="1711,2200 1861,2200 1861,2226 1711,2226"/>
                    <TextEquiv>
                        <Unicode>5,231,2.8</Unicode>
                    </TextEquiv>
                    <TextStyle fontFamily="Arial" fontSize="8.5"/>
                </Word>
                <Word id="w_w1aab1c11b2c33b1ac61" language="German" custom="readingOrder {index:4;}">
                    <Coords points="1884,2203 1915,2203 1915,2220 1884,2220"/>
                    <TextEquiv>
                        <Unicode>**</Unicode>
                    </TextEquiv>
                    <TextStyle fontFamily="Arial" fontSize="8.5"/>
                </Word>
                <TextEquiv>
                    <Unicode>Summe Pommer. Cour. 5,231,2.8 **</Unicode>
                </TextEquiv>
                <TextStyle fontFamily="Arial" fontSize="8.5"/>
            </TextLine>
            <TextLine id="tl_71" primaryLanguage="German" custom="readingOrder {index:1;}">
                <Coords points="1027,2225 1919,2225 1919,2270 1027,2270"/>
                <Baseline points="1027,2261 1919,2261"/>
                <Word id="w_w1aab1c11b2c33b3ab1" language="German" custom="readingOrder {index:0;}">
                    <Coords points="1027,2226 1081,2226 1081,2255 1027,2255"/>
                    <TextEquiv>
                        <Unicode>Und</Unicode>
                    </TextEquiv>
                    <TextStyle fontFamily="Arial" fontSize="8.5"/>
                </Word>
                <Word id="w_w1aab1c11b2c33b3ab9" language="German" custom="readingOrder {index:1;}">
                    <Coords points="1097,2225 1155,2225 1155,2254 1097,2254"/>
                    <TextEquiv>
                        <Unicode>dies</Unicode>
                    </TextEquiv>
                    <TextStyle fontFamily="Arial" fontSize="8.5"/>
                </Word>
                <Word id="w_w1aab1c11b2c33b3ac19" language="German" custom="readingOrder {index:2;}">
                    <Coords points="1170,2226 1260,2226 1260,2260 1170,2260"/>
                    <TextEquiv>
                        <Unicode>mußte</Unicode>
                    </TextEquiv>
                    <TextStyle fontFamily="Arial" fontSize="8.5"/>
                </Word>
                <Word id="w_w1aab1c11b2c33b3ac31" language="German" custom="readingOrder {index:3;}">
                    <Coords points="1275,2227 1315,2227 1315,2255 1275,2255"/>
                    <TextEquiv>
                        <Unicode>ein</Unicode>
                    </TextEquiv>
                    <TextStyle fontFamily="Arial" fontSize="8.5"/>
                </Word>
                <Word id="w_w1aab1c11b2c33b3ac39" language="German" custom="readingOrder {index:4;}">
                    <Coords points="1333,2229 1401,2229 1401,2258 1333,2258"/>
                    <TextEquiv>
                        <Unicode>Land</Unicode>
                    </TextEquiv>
                    <TextStyle fontFamily="Arial" fontSize="8.5"/>
                </Word>
                <Word id="w_w1aab1c11b2c33b3ac49" language="German" custom="readingOrder {index:5;}">
                    <Coords points="1419,2230 1523,2230 1523,2264 1419,2264"/>
                    <TextEquiv>
                        <Unicode>leisten,</Unicode>
                    </TextEquiv>
                    <TextStyle fontFamily="Arial" fontSize="8.5"/>
                </Word>
                <Word id="w_w1aab1c11b2c33b3ac67" language="German" custom="readingOrder {index:6;}">
                    <Coords points="1554,2236 1601,2236 1601,2264 1554,2264"/>
                    <TextEquiv>
                        <Unicode>das</Unicode>
                    </TextEquiv>
                    <TextStyle fontFamily="Arial" fontSize="8.5"/>
                </Word>
                <Word id="w_w1aab1c11b2c33b3ac75" language="German" custom="readingOrder {index:7;}">
                    <Coords points="1621,2236 1667,2236 1667,2266 1621,2266"/>
                    <TextEquiv>
                        <Unicode>auf</Unicode>
                    </TextEquiv>
                    <TextStyle fontFamily="Arial" fontSize="8.5"/>
                </Word>
                <Word id="w_w1aab1c11b2c33b3ac83" language="German" custom="readingOrder {index:8;}">
                    <Coords points="1688,2245 1722,2245 1722,2269 1688,2269"/>
                    <TextEquiv>
                        <Unicode>70</Unicode>
                    </TextEquiv>
                    <TextStyle fontFamily="Arial" fontSize="8.5"/>
                </Word>
                <Word id="w_w1aab1c11b2c33b3ac89" language="German" custom="readingOrder {index:9;}">
                    <Coords points="1730,2244 1817,2244 1817,2268 1730,2268"/>
                    <TextEquiv>
                        <Unicode>—72.</Unicode>
                    </TextEquiv>
                    <TextStyle fontFamily="Arial" fontSize="8.5"/>
                </Word>
                <Word id="w_w1aab1c11b2c33b3ac99" language="German" custom="readingOrder {index:10;}">
                    <Coords points="1839,2234 1918,2234 1918,2266 1839,2266"/>
                    <TextEquiv>
                        <Unicode>Qua-</Unicode>
                    </TextEquiv>
                    <TextStyle fontFamily="Arial" fontSize="8.5"/>
                </Word>
                <TextEquiv>
                    <Unicode>Und dies mußte ein Land leisten, das auf 70 —72. Qua-</Unicode>
                </TextEquiv>
                <TextStyle fontFamily="Arial" fontSize="8.5"/>
            </TextLine>
            <TextLine id="tl_72" primaryLanguage="German" custom="readingOrder {index:2;}">
                <Coords points="1011,2260 1939,2260 1939,2314 1011,2314"/>
                <Baseline points="1011,2305 1939,2305"/>
                <Word id="w_w1aab1c11b2c33b5ab1" language="German" custom="readingOrder {index:0;}">
                    <Coords points="1011,2260 1013,2260 1013,2303 1011,2303"/>
                    <TextEquiv>
                        <Unicode>!</Unicode>
                    </TextEquiv>
                    <TextStyle fontFamily="Arial" fontSize="8.5"/>
                </Word>
                <Word id="w_w1aab1c11b2c33b5ab5" language="German" custom="readingOrder {index:1;}">
                    <Coords points="1027,2269 1183,2269 1183,2300 1027,2300"/>
                    <TextEquiv>
                        <Unicode>dcatmeilen</Unicode>
                    </TextEquiv>
                    <TextStyle fontFamily="Arial" fontSize="8.5"/>
                </Word>
                <Word id="w_w1aab1c11b2c33b5ac27" language="German" custom="readingOrder {index:2;}">
                    <Coords points="1201,2272 1326,2272 1326,2307 1201,2307"/>
                    <TextEquiv>
                        <Unicode>114/000.</Unicode>
                    </TextEquiv>
                    <TextStyle fontFamily="Arial" fontSize="8.5"/>
                </Word>
                <Word id="w_w1aab1c11b2c33b5ac45" language="German" custom="readingOrder {index:3;}">
                    <Coords points="1338,2272 1494,2272 1494,2309 1338,2309"/>
                    <TextEquiv>
                        <Unicode>Cimvohuer</Unicode>
                    </TextEquiv>
                    <TextStyle fontFamily="Arial" fontSize="8.5"/>
                </Word>
                <Word id="w_w1aab1c11b2c33b5ac65" language="German" custom="readingOrder {index:4;}">
                    <Coords points="1507,2275 1592,2275 1592,2312 1507,2312"/>
                    <TextEquiv>
                        <Unicode>zählt,</Unicode>
                    </TextEquiv>
                    <TextStyle fontFamily="Arial" fontSize="8.5"/>
                </Word>
                <Word id="w_w1aab1c11b2c33b5ac79" language="German" custom="readingOrder {index:5;}">
                    <Coords points="1611,2285 1700,2285 1700,2307 1611,2307"/>
                    <TextEquiv>
                        <Unicode>wovou</Unicode>
                    </TextEquiv>
                    <TextStyle fontFamily="Arial" fontSize="8.5"/>
                </Word>
                <Word id="w_w1aab1c11b2c33b5ac91" language="German" custom="readingOrder {index:6;}">
                    <Coords points="1719,2277 1791,2277 1791,2313 1719,2313"/>
                    <TextEquiv>
                        <Unicode>(nach</Unicode>
                    </TextEquiv>
                    <TextStyle fontFamily="Arial" fontSize="8.5"/>
                </Word>
                <Word id="w_w1aab1c11b2c33b5ad103" language="German" custom="readingOrder {index:7;}">
                    <Coords points="1808,2277 1855,2277 1855,2307 1808,2307"/>
                    <TextEquiv>
                        <Unicode>den</Unicode>
                    </TextEquiv>
                    <TextStyle fontFamily="Arial" fontSize="8.5"/>
                </Word>
                <Word id="w_w1aab1c11b2c33b5ad111" language="German" custom="readingOrder {index:8;}">
                    <Coords points="1864,2278 1939,2278 1939,2309 1864,2309"/>
                    <TextEquiv>
                        <Unicode>Ta-'</Unicode>
                    </TextEquiv>
                    <TextStyle fontFamily="Arial" fontSize="8.5"/>
                </Word>
                <TextEquiv>
                    <Unicode>! dcatmeilen 114/000. Cimvohuer zählt, wovou (nach den Ta-'</Unicode>
                </TextEquiv>
                <TextStyle fontFamily="Arial" fontSize="8.5"/>
            </TextLine>
            <TextEquiv>
                <Unicode>Summe Pommer. Cour. 5,231,2.8 **
Und dies mußte ein Land leisten, das auf 70 —72. Qua-
! dcatmeilen 114/000. Cimvohuer zählt, wovou (nach den Ta-'</Unicode>
            </TextEquiv>
        </TextRegion>
        <SeparatorRegion id="r_8" custom="readingOrder {index:24;}">
            <Coords points="1036,0 2038,0 2038,10 1036,10"/>
        </SeparatorRegion>
        <SeparatorRegion id="r_9" custom="readingOrder {index:25;}">
            <Coords points="692,0 989,0 989,3 692,3"/>
        </SeparatorRegion>
        <SeparatorRegion id="r_10" custom="readingOrder {index:26;}">
            <Coords points="0,0 646,0 646,6 0,6"/>
        </SeparatorRegion>
        <SeparatorRegion id="r_11" custom="readingOrder {index:27;}">
            <Coords points="714,576 933,576 933,595 714,595"/>
        </SeparatorRegion>
        <SeparatorRegion id="r_12" custom="readingOrder {index:28;}">
            <Coords points="145,719 1921,719 1921,736 145,736"/>
        </SeparatorRegion>
        <SeparatorRegion id="r_13" custom="readingOrder {index:29;}">
            <Coords points="121,849 1905,849 1905,865 121,865"/>
        </SeparatorRegion>
        <SeparatorRegion id="r_14" custom="readingOrder {index:30;}">
            <Coords points="1664,2183 1916,2183 1916,2191 1664,2191"/>
        </SeparatorRegion>
        <SeparatorRegion id="r_15" custom="readingOrder {index:31;}">
            <Coords points="1579,2477 1691,2477 1691,2480 1579,2480"/>
        </SeparatorRegion>
        <SeparatorRegion id="r_16" custom="readingOrder {index:32;}">
            <Coords points="1873,2478 1950,2478 1950,2480 1873,2480"/>
        </SeparatorRegion>
        <SeparatorRegion id="r_17" custom="readingOrder {index:33;}">
            <Coords points="1202,2478 1333,2478 1333,2480 1202,2480"/>
        </SeparatorRegion>
        <SeparatorRegion id="r_18" custom="readingOrder {index:34;}">
            <Coords points="817,2477 1029,2477 1029,2480 817,2480"/>
        </SeparatorRegion>
        <SeparatorRegion id="r_19" custom="readingOrder {index:35;}">
            <Coords points="471,2477 698,2477 698,2480 471,2480"/>
        </SeparatorRegion>
        <SeparatorRegion id="r_20" custom="readingOrder {index:36;}">
            <Coords points="297,2479 367,2479 367,2480 297,2480"/>
        </SeparatorRegion>
        <SeparatorRegion id="r_21" custom="readingOrder {index:37;}">
            <Coords points="0,1 23,1 23,741 0,741"/>
        </SeparatorRegion>
        <SeparatorRegion id="r_22" custom="readingOrder {index:38;}">
            <Coords points="0,741 13,741 13,1072 0,1072"/>
        </SeparatorRegion>
        <SeparatorRegion id="r_23" custom="readingOrder {index:39;}">
            <Coords points="0,1072 36,1072 36,1960 0,1960"/>
        </SeparatorRegion>
        <SeparatorRegion id="r_24" custom="readingOrder {index:40;}">
            <Coords points="1010,875 1026,875 1026,2256 1010,2256"/>
        </SeparatorRegion>
        <SeparatorRegion id="r_25" custom="readingOrder {index:41;}">
            <Coords points="2055,455 2065,455 2065,624 2055,624"/>
        </SeparatorRegion>
        <SeparatorRegion id="r_26" custom="readingOrder {index:42;}">
            <Coords points="1647,2269 1822,2269 1822,2272 1647,2272"/>
        </SeparatorRegion>
    </Page>
</PcGts>
